1840 2839
784 156 918 178 151115'1'01.
928 157 960 178 ῐῖ.

107 216 227 254 σώματος
244 218 371 251 ἀσθένεια,
388 217 410 246 εἶ
425 229 453 255 γε
468 218 507 246 ἐπ’
525 218 582 254 ἐμοὶ
597 218 625 246 τὸ
644 221 778 253 κινεῖσθαι,
793 218 868 246 ὅπου-

104 262 317 301 περᾚέίῖουλόμην,
331 263 428 292 ἔκειτο·
444 262 471 291 σὲ
486 263 523 298 δὲ,
539 263 624 291 καίτοι
637 263 726 302 κύριον
733 264 795 292 ὄντα
806 264 867 292 τού-

105 319 149 336 του
159 331 165 343 ,
178 308 234 336 οὐδὲ
251 308 329 341 οὕτως
344 308 412 337 ἕλκω
421 332 427 344 ,
439 309 496 337 οὐδὲ
512 311 656 343 ἀναστῆναι
671 309 769 338 οἴκοθεν
782 322 868 348 παρα-

105 354 192 389 καλῶ,
205 354 325 394 καὶπρὸς
340 357 410 392 ἡμᾶς
432 355 443 370 “’
455 355 572 394 δραμεῖν.
589 355 666 384 Ἀλλὰ
682 356 726 384 καὶ
741 358 786 391 τῆς
801 356 870 395 ὥρας

104 401 149 428 τοῦ
172 399 244 432 ἔτους
264 403 340 428 τοῦτο
362 401 570 441 ἐπιτρεπούσης,
590 401 634 429 καὶ
651 403 698 435 τῆς
722 402 872 440 ἀποδημίας

104 445 137 473 δι’
152 445 239 484 ὀλίγου
257 457 296 475 σοι
312 446 450 484 γινομένης
466 448 511 482 (οὐ
528 446 579 486 γὰρ
599 448 688 486 πολλῷ
705 447 870 486 διειργόμεΟα

102 492 140 529 τῷ
158 491 256 530 μέσῳ),
269 491 340 529 Sys-i<
354 492 462 521 ἑλκύσαι
477 504 505 522 σε
521 494 630 521 ἐνταῦθα
645 495 692 522 οὐκ
707 493 737 521 ἂν
752 494 870 532 ἑλοίμην,

103 535 145 565 διὰ
165 536 208 565 τὸν
228 539 279 565 τῶν
295 537 420 578 Ἰσαύρων
437 538 524 577 φόὸον.
539 540 693 578 Παρακαλῶ
713 539 740 568 δὲ
756 541 869 578 συνεχῶς

101 584 165 620 ἡμῖν
187 581 220 610 τὰ
237 582 297 622 περὶ
317 586 364 618 τῆς
386 584 485 622 ὑγιείας
507 584 669 614 ἐπιστέλλειν
689 587 737 620 τ’ἥς
753 587 814 619 σῆς·
839 586 867 613 οὐ

101 627 152 667 γὰρ
167 628 199 663 δή
212 641 262 657 που
275 629 318 657 καὶ
330 629 393 668 πρὸς
403 633 479 659 τοῦτο
493 630 604 668 κώλυμα
617 632 668 658 τῶν
680 631 783 668 λῃστῶν
795 630 868 659 ἔσται

101 684 141 703 σοι
155 676 172 708 ἡ
186 674 347 713 καταδρομή.
363 675 441 703 Δίδου
461 675 492 710 δὴ
514 675 611 710 ταύτην
633 678 696 713 ἡμῖν
717 675 764 711 τὴν
780 676 868 714 χάριν,

102 719 192 758 ῥᾳδίαν
208 731 236 748 τε
248 716 336 756 οὖσαν,
347 721 391 749 καὶ
406 721 519 756 εὔκολον,
530 720 573 749 καὶ
588 720 687 755 πολλὴν
702 720 867 760 παρέχουσαν

101 767 164 802 ἡμῖν
176 765 224 801 τὴν
240 766 407 805 εὐφροσύνην.
422 761 508 795 Οἶσθα
521 766 572 805 γὰρ
583 766 663 800 ἡλίκα
686 768 749 804 ἡμῖν
764 768 845 806 χαριῇ
859 790 865 803 ,

101 811 198 846 ταύτην
212 811 271 850 περὶ
282 814 352 849 ἡμᾶς
367 810 575 849 ἐπιδεικνύμενος
585 811 632 847 τὴν
648 813 806 851 φιλοτιμίαν.

380 1002 423 1031 oe'.
446 1003 586 1042 Ἁρματίῳ.

137 1093 174 1122 Τί
187 1096 274 1130 τοῦτο;
288 1093 348 1123 Ἵνα
363 1093 409 1132 μὲν
430 1094 497 1133 μετὰ
511 1095 598 1127 ἀδείας
615 1095 794 1134 ἐπιτάττωμεν
814 1100 867 1129 τοῖς
873 1117 909 1136 534

99 1150 140 1167 σοι
153 1139 326 1178 προσήκουσιν
340 1140 498 1179 ἀνθρώποις,
515 1142 540 1169 ἐν
555 1136 591 1174 οἷς
603 1140 632 1169 ἂν
648 1141 767 1179 δεώμεθα
777 1165 784 1177 ,
803 1143 865 1171 πολ-
883 1145 901 1167 Λ

100 1185 148 1220 λὴν
159 1186 289 1225 παρέσχες
306 1185 354 1222 τὴν
371 1185 486 1219 ἐξουσίαν
496 1198 502 1204 ·
516 1182 544 1215 οὗ
561 1186 587 1215 δὲ
600 1187 716 1224 μάλιστα
729 1188 867 1225 ἐδεόμεθα,

99 1230 191 1259 τούτου
213 1234 284 1269 ἡμᾶς
307 1232 508 1271 ἀπεστέρησας,
534 1234 585 1261 τῶν
609 1232 773 1272 γραμμάτων
799 1234 867 1272 λέγω

99 1279 151 1305 τῶν
168 1278 230 1312 σῶν,
249 1278 300 1305 τῶν
314 1277 374 1316 περὶ
394 1280 440 1312 τῆς
454 1277 554 1316 ὑγιείας
574 1280 621 1313 τῆς
635 1280 684 1313 σῆς
698 1281 761 1317 ἡμῖν
784 1280 868 1319 ἀπαγ-

97 1322 253 1360 γελλόντων.
269 1324 327 1351 Οὐκ
343 1319 416 1352 οἶσθα
430 1322 470 1352 ὅτι
482 1327 536 1356 τοῖς
552 1324 666 1362 μάλιστα
681 1325 784 1365 φιλοῦσι
805 1338 867 1365 γνη-

99 1368 162 1401 σίως
187 1371 263 1398 τοῦτο
289 1369 404 1407 μάλιστα
423 1369 647 1408 περισπούδαστον
672 1370 717 1399 καὶ
739 1371 866 1407 ποθεινὸν,

99 1413 218 1453 καθάπερ
236 1409 279 1443 οἶν
301 1414 345 1443 καὶ
359 1418 422 1452 ἡμῖν
447 1417 509 1450 νῧν;
535 1416 569 1443 Εἰ
592 1414 677 1444 τοίνυν
693 1415 782 1454 βούλει
803 1419 867 1454 ἡμῖν

98 1459 274 1499 χαρίσασθαι,
289 1459 403 1488 Bianor&
423 1472 471 1498 μου
493 1460 636 1499 τιμιώτατε
648 1483 655 1497 ,
679 1461 752 1499 ἀφεὶς
769 1462 799 1491 τὸ
823 1474 868 1491 κε-

99 1504 183 1533 λεύειν
203 1509 257 1538 τοῖς
277 1510 330 1538 σοῖς
351 1506 498 1545 ἀνθρώποις
514 1506 665 1545 θεραπεύειν
679 1510 750 1545 ἡμᾶς
770 1509 796 1537 ἐν
811 1513 868 1541 ταῖς

100 1550 202 1590 χρείαις
216 1556 273 1584 ταῖς
287 1556 452 1589 σωματικαῖς
474 1551 594 1590 (οὐδενὸς
611 1552 661 1592 γὰρ
680 1553 789 1591 δεόμεθα
811 1554 869 1583 τού-

99 1608 162 1625 των.
180 1596 248 1625 ἀλλὰ
262 1597 349 1625 πάντα
361 1599 424 1635 ἡμῖν
440 1598 474 1629 ὡς
495 1599 524 1626 ἐκ
538 1600 630 1636 πηγῶν
651 1599 752 1638 ἐπιῤῥεῖ
759 1599 777 1637 )‚
793 1600 869 1632 αὐτὸς

101 1642 145 1671 διὰ
159 1643 258 1682 χάρτου
279 1646 373 1682 μικροῦ
395 1643 440 1672 καὶ
459 1643 569 1682 μέλανος
590 1644 638 1680 τὴν
658 1645 783 1685 μεγίστην
805 1649 870 1686 ἡμῖν

101 1688 201 1729 πάρεχε
220 1689 308 1728 χάριν,
329 1689 374 1718 καὶ
388 1685 419 1724 ἧς
439 1690 554 1728 μάλιστα
569 1691 710 1720 ἀπολαύειν
731 1694 868 1731 ἐπιθυμοῦ-

101 1745 158 1772 μεν.
173 1734 245 1770 Αῧτη
264 1734 293 1763 δέ
308 1736 362 1763 ἐστι
374 1735 404 1764 τὸ
417 1738 531 1775 συνεχῶς
544 1738 609 1774 ἡμῖν
626 1737 734 1776 γράφειν
748 1738 809 1777 περὶ
822 1740 870 1773 τῆς

101 1780 200 1820 ὑγιείας
219 1783 266 1816 τῆς
290 1782 338 1816 σῆς
349 1804 356 1817 ,
371 1781 415 1810 καὶ
430 1784 475 1811 τοῦ
489 1782 561 1811 οἴκου
583 1794 629 1811 σου
645 1783 750 1817 παντός.
766 1785 799 1813 Εἴ
822 1784 869 1823 μὲν

101 1827 152 1866 γὰρ
167 1827 273 1855 δυνατὸν
285 1822 316 1862 ἧν
332 1827 377 1855 καὶ
396 1827 565 1866 συγγενέσθαι
576 1828 646 1866 ἡμᾶς
660 1829 799 1865 ἀλλήλοις,
821 1830 870 1858 κᾶν

103 1872 235 1906 ἀνέστησά
249 1884 278 1901 σε
288 1871 416 1908 ὀἴκοθεν,
433 1873 481 1901 κᾶν
495 1874 521 1901 ἐν
534 1873 658 1911 μεγίστης
666 1874 753 1913 ᾔτησα
763 1874 869 1913 χάριτος

104 1918 195 1957 μέρει,
210 1917 239 1945 τὸ
255 1917 298 1945 τὸν
312 1917 406 1955 θερμόν
428 1929 457 1946 σε
477 1918 558 1951 οὕτως
578 1918 690 1956 ἐραστὴν
711 1921 788 1958 ἡμῶν
807 1920 869 1948 ὄντα

104 1963 149 1991 καὶ
175 1965 234 1992 κατ’
257 1963 315 2003 ὄψιν
337 1964 399 1991 ἰδεῖν
421 1962 511 1997 αὐτήν.
533 1963 610 1992 Ἐπεὶ
636 1963 663 1992 δὲ
688 1967 764 1993 τοῦτο
786 1967 799 1993 ὁ
818 1967 869 1993 τῶν

105 2009 231 2048 Ἷσαύρων
247 2009 361 2038 ἐκώλυσε
382 2008 473 2048 φόὸος,
492 2009 540 2044 ’τὴν
563 2011 625 2047 γοῦν
642 2009 694 2038 ἀπὸ
713 2012 765 2038 τῶν
786 2022 871 2049 γραμ-

106 2054 195 2092 μάτων
217 2056 280 2092 ἠμῖν
302 2054 468 2094 παραμυθίαν
490 2054 590 2094 πάρεχε
614 2055 746 2094 δαψιλῶς,
769 2056 814 2083 καὶ
841 2056 870 2084 τὸ

105 2105 157 2130 πᾶν
170 2100 360 2138 ἀπειλήφαμεν.

139 2389 152 2407 ¹¹
169 2387 272 2413 Cnislin.
286 2389 431 2422 ἀναδραμεῖν.

1573 147 1640 194 70⁹3

929 217 1018 246 hibere
1029 226 1127 258 posset,
1149 221 1169 248 si
1181 220 1246 249 mihi
1259 221 1362 249 licitum
1380 227 1456 257 esset,
1471 232 1523 259 quo
1535 221 1641 255 vetlem,

928 264 1060 302 proficisci
1075 272 1121 302 ;tc
1135 273 1234 303 autem,
1247 277 1309 295 cum
1326 267 1426 304 alioqui
1440 266 1466 294 id
1481 267 1585 295 arbitrii
1603 269 1640 295 tui

927 309 971 344 sit,
990 321 1022 338 ne
1036 311 1074 339 sic
1088 312 1197 350 quidem
1215 313 1299 348 traho,
1320 324 1367 341 uec
1385 319 1413 340 ut
1433 313 1512 341 domo
1532 313 1639 349 migres,

926 362 1007 393 atque
1015 355 1047 384 ad
1059 367 1106 385 nos
1114 368 1246 394 accurras,
1255 366 1278 386 te
1287 369 1358 395 rogo.
1368 357 1418 386 Sed
1425 358 1547 396 quamvis
1558 358 1584 386 id
1595 370 1641 397 per

926 401 988 429 anni
1003 409 1106 441 tempus
1122 403 1209 440 liccat,
1226 411 1307 443 tuque
1321 404 1391 433 istud
1407 404 1455 433 iter
1469 404 1544 433 bravi
1562 415 1640 433 cxso—

926 447 972 485 qui
984 449 1069 487 possis
1079 453 1177 488 (neque
1190 451 1261 478 enim
1274 461 1370 488 magno
1385 450 1525 479 intervallo
1536 449 1640 489 disjun-

925 493 959 521 cti
973 498 1094 531 sumus),
1112 501 1199 523 tamen
1215 496 1250 524 ob
1265 497 1419 524 Isaurorum
1435 503 1534 524 metum
1551 496 1604 525 huc
1617 504 1640 525 tc

923 538 1027 566 trahere
1044 539 1154 568 minime
1168 540 1259 569 velim.
1275 542 1378 570 verum
1398 541 1447 569 hoc
1464 540 1573 570 deinum
1592 542 1639 570 abs

924 589 947 611 te
973 590 1043 622 pem,
1065 591 1094 612 ut
1115 585 1149 613 de
1168 592 1212 613 tua
1231 585 1402 614 valuetudine
1423 586 1515 614 crebro
1537 587 1571 615 ad
1592 598 1638 616 nos

921 628 1038 656 scribas:
1055 639 1140 667 neque
1150 630 1230 667 enim,
1243 631 1386 669 quominus
1398 630 1426 659 id
1442 631 1527 660 sacci-e
1542 633 1638 671 possis,

921 674 1080 712 praedonum
1103 675 1226 705 incursus
1250 676 1441 716 impedimento
1462 677 1638 713 erit.Quan1-

921 720 1012 748 obrem
1028 721 1078 749 hoc
1098 732 1145 750 nos
1168 722 1308 760 beneficio,
1331 734 1431 761 quasso,
1454 724 1542 761 affice,
1566 725 1638 762 quod

920 773 947 794 et
964 766 1013 794 tibi
1033 766 1111 795 facile
1129 778 1160 795 ac
1179 778 1294 807 pronum
1310 775 1349 797 est
1367 776 1393 797 ct
1412 769 1544 807 ingentem
1561 770 1638 798 nobis

921 812 1086 851 voluptatem
1102 813 1250 842 assert.Nec
1262 814 1332 842 enim
1345 821 1370 843 te
1386 815 1466 853 sugit,
1483 825 1563 853 quam
1577 826 1637 854 gra-

922 864 977 886 tam
991 858 1068 886 nobis
1081 869 1136 886 rem
1159 859 1277 888 facturus
1297 860 1348 896 sis,
1366 860 1416 889 hac
1426 860 1590 899 benignitate
1604 872 1633 889 ac,

921 903 1105 932 munificentia
1120 914 1181 943 erga
1191 915 1238 933 nos
1254 911 1337 934 utens.

1125 1002 1245 1029 LXXV.
1260 1002 1428 1031 Harmaeio.

961 1090 1035 1126 Quid
1059 1091 1111 1120 hoc
1135 1102 1190 1121 esse
1214 1092 1314 1129 dicam,
1339 1093 1412 1132 quod
1434 1101 1462 1122 ut
1482 1095 1636 1124 hominibus

920 1136 983 1173 tuis,
1001 1137 1026 1165 in
1046 1137 1079 1166 iis
1094 1138 1182 1174 rebus,
1200 1138 1226 1166 in
1240 1139 1338 1176 quibus
1358 1150 1451 1168 eorum
1466 1151 1544 1180 opera
1560 1141 1636 1171 nohis

919 1192 987 1222 opus
1005 1183 1095 1220 fuerit,
1116 1183 1247 1212 arbitratu
1261 1191 1351 1213 nostro
1369 1185 1541 1224 imperemus,
1560 1187 1637 1215 nobis

921 1228 1072 1257 concessisti
1088 1240 1094 1256 ε
1112 1228 1139 1257 id
1157 1236 1247 1257 autem
1261 1229 1334 1268 quod
1349 1240 1508 1270 magnopere
1527 1239 1635 1271 expete-

920 1274 1025 1311 bamus,
1046 1274 1123 1303 nobis
1144 1274 1280 1314 eripuisti,
1305 1275 1357 1303 hoc
1378 1282 1428 1313 cst,
1451 1276 1541 1305 literas
1567 1284 1636 1311 tuas,

920 1329 980 1357 quae
993 1329 1040 1348 nos
1051 1319 1086 1348 de
1097 1327 1142 1348 tua
1153 1319 1308 1349 valetudine
1323 1321 1444 1350 certiores
1453 1323 1588 1351 facerent?
1597 1325 1636 1351 An

921 1365 1007 1394 nescis
1020 1365 1071 1394 hoc
1086 1365 1129 1403 iis,
1148 1365 1195 1403 qui
1215 1366 1391 1395 sincerissime
1404 1375 1503 1403 amant,
1526 1379 1637 1397 summa*

922 1421 991 1440 cura>
999 1418 1080 1449 atque
1092 1411 1233 1450 cupiditati
1242 1421 1307 1448 esse,
1319 1418 1346 1440 ut
1358 1422 1429 1441 nunc
1442 1423 1550 1451 quoque
1561 1414 1638 1442 nobis

921 1457 983 1486 est?
997 1457 1179 1492 Quamobrem
1192 1457 1215 1485 si
1226 1457 1302 1485 nobis
1313 1458 1458 1496 gratificari
1468 1466 1506 1487 est
1520 1459 1635 1494 animus,

922 1502 1144 1532 reverendissime
1164 1502 1201 1530 mi
1216 1502 1333 1538 domine,
1351 1503 1451 1539 desine,
1467 1515 1568 1542 quaeso,
1586 1505 1639 1533 tuis

922 1548 1078 1577 hominibus
1093 1548 1233 1588 imperare,
1248 1555 1278 1577 ut
1294 1549 1370 1577 nobis
1388 1549 1415 1578 in
1429 1550 1461 1578 iis
1476 1550 1564 1586 rebus,
1579 1551 1639 1588 qui-

922 1594 974 1623 bus
999 1604 1096 1633 corpus
1118 1601 1185 1632 eget,
1210 1594 1356 1623 inserviant
1373 1607 1385 1629 ι,
1403 1606 1487 1634 neque
1510 1596 1581 1624 enim
1596 1596 1638 1624 his

922 1642 1003 1671 rebus
1015 1642 1071 1670 ullo
1085 1641 1165 1670 modo
1184 1641 1345 1680 indigemus,
1361 1643 1460 1682 quippe
1474 1654 1535 1672 cum
1549 1644 1637 1672 omnia

923 1687 1001 1716 nobis
1014 1686 1126 1726 perinde
1137 1693 1217 1725 atque
1227 1698 1241 1715 a
1251 1688 1323 1716 fonte
1336 1688 1464 1726 affluant;
1477 1700 1571 1718 verum
1583 1689 1638 1728 ipse

924 1733 1075 1762 maximum
1090 1732 1167 1761 nobis
1186 1733 1358 1771 beneficium,
1376 1734 1499 1773 quodque
1514 1735 1636 1773 consequi

923 1789 1092 1818 summopere
1108 1779 1242 1817 cupimus,
1264 1789 1311 1818 per
1331 1780 1458 1818 exiguam
1476 1780 1597 1808 chartam
1612 1787 1638 1809 et

923 1831 1102 1854 atramentum
1127 1825 1226 1863 praebe.
1251 1824 1286 1853 ld
1309 1835 1388 1864 porro
1407 1832 1457 1862 est,
1479 1833 1509 1854 ut
1531 1825 1565 1854 de
1590 1833 1637 1855 tua

924 1870 1058 1908 totiusque
1069 1876 1121 1898 tuae
1132 1869 1228 1898 domus
1237 1869 1391 1899 valetudine
1401 1881 1448 1899 nos
1457 1882 1537 1909 quam
1548 1872 1638 1911 saepis-

924 1915 990 1944 sime
1016 1914 1139 1943 certiores
1164 1914 1253 1944 facias.
1271 1915 1339 1943 Nam
1365 1915 1387 1944 si
1412 1916 1471 1944 fieri
1489 1924 1586 1956 posset,
1609 1925 1638 1946 ut

924 1971 972 1990 nos
986 1970 1092 1998 quoque
1113 1966 1206 1988 mutuo
1222 1970 1362 1999 congressu
1382 1961 1541 1998 frueremur,
1558 1963 1638 1992 etiam

926 2006 1041 2045 teipsum
1060 2016 1074 2034 e
1094 2005 1175 2034 domo
1194 2006 1360 2043 excitassem,
1379 2013 1459 2046 atque
1478 2008 1638 2047 amplissimi

924 2051 1048 2081 beneficii
1067 2051 1126 2080 loco
1148 2051 1196 2079 abs
1217 2057 1243 2080 te
1263 2051 1427 2091 petivissem,
1447 2060 1477 2082 ut
1497 2059 1571 2083 tanto
1591 2065 1638 2083 no-

923 2098 973 2127 stri
997 2107 1087 2126 amore
1112 2096 1271 2135 flagrantem
1292 2098 1377 2127 oculis
1403 2109 1510 2137 quoque
1535 2110 1639 2129 cernere

925 2143 993 2172 mihi
1008 2143 1110 2172 liceret.
1126 2141 1262 2177 Quoniam
1276 2150 1364 2172 autem
1383 2144 1538 2173 Isaurorum
1555 2153 1640 2174 metus

925 2190 976 2217 hoc
990 2187 1137 2228 prohibuit,
1152 2198 1210 2216 eam
1221 2188 1314 2217 saltem
1329 2190 1546 2225 consolationem,
1560 2202 1640 2229 quam

924 2234 1008 2263 literae
1020 2233 1143 2270 afferunt,
1154 2232 1260 2272 copiose
1267 2234 1345 2263 nobis
1355 2234 1445 2274 praebe
1455 2247 1461 2262 :
1473 2235 1554 2273 idque
1565 2236 1640 2265 nobis

925 2281 1008 2308 instar
1023 2279 1142 2309 omnium
1157 2278 1216 2307 erit.

887 2388 923 2410 καὶ
940 2386 990 2410 κατ’
1008 2387 1057 2416 ὄψιν
1072 2385 1123 2409 ἰδεῖν
1143 2387 1220 2413 uberi-2.
1235 2383 1286 2408 Sed
1304 2388 1372 2413 αὐτὴν
1391 2384 1462 2409 abest
1474 2393 1487 2408 a
1501 2385 1602 2410 coislin.
1617 2392 1641 2409 et

140 2434 150 2444 ¹·
167 2425 270 2451 coislin.
289 2429 381 2455 οἴκοθεν,
392 2428 428 2451 καὶ
449 2428 526 2457 ἐμίγης
544 2427 597 2456 ἡμῖν
609 2430 641 2456 τῷ
657 2430 695 2452 τῆς
716 2429 753 2452 τῆς
768 2427 860 2456 χάριτος
885 2431 1096 2455 supervacaneum
1107 2428 1153 2448 est.

108 2470 184 2499 μέρει·
198 2470 237 2491 τοῦ
249 2469 287 2491 τὸν
299 2469 380 2500 θερμόν
391 2475 426 2494 σε,
438 2463 510 2497 longe
521 2462 620 2488 diverso
631 2470 711 2487 seusu.
722 2462 779 2487 Mox
790 2461 856 2486 Edit-

1451 2559 1496 2586 49.

1646 1099 1730 1120 nucum
1749 1107 1787 1120 an-

1647 1138 1674 1151 uo
1686 1131 1739 1159 [μή.
