1843 2810
101 1263 157 1283 Cir.
168 1262 211 1283 tx.

117 1294 165 1314 Non
183 1301 229 1314 esse

87 1326 172 1344 curiose
194 1326 229 1345 in-

85 1355 228 1383 quirendum,

87 1391 107 1405 et
120 1393 192 1406 rerum
207 1386 227 1406 fi-

87 1424 137 1437 nem
153 1424 228 1445 exspe-

87 1447 191 1468 nandum

86 1485 141 1498 esse.

237 173 307 219 578

238 245 369 273 ustionem
384 244 497 283 gratiam
512 244 619 283 habere,
634 255 664 274 ac
683 251 793 284 propter
813 243 955 272 sectionem

236 301 267 318 ac
279 289 486 326 medicamenta;
506 289 587 328 idque
599 301 660 319 cum
675 290 806 319 incertum
826 290 859 317 sit
876 289 955 316 futu-

238 346 298 363 rum
310 347 318 372 3
330 346 400 374 saepe
413 346 528 374 namque
540 336 639 364 multos
654 335 680 364 id
696 334 798 373 agendo
814 333 954 361 interfece-

237 382 409 420 runt;eique
423 382 528 420 penitus
551 382 701 420 subjectum
725 390 825 419 parere,
840 379 906 408 dum
928 379 956 407 id

237 426 302 465 agit,
320 427 443 465 idemque
463 438 525 466 erga
541 434 649 455 nautam
666 433 690 454 et
707 426 894 463 architectum,
912 425 957 455 vel

236 482 299 510 erga
314 479 420 501 caeteros
435 473 479 510 qui
494 472 613 501 diversas
627 479 696 500 artes
712 471 873 510 profitentur
883 482 957 510 prae—

238 524 307 545 stare
322 529 329 544 :
357 518 514 554 ridiculum,
544 517 666 554 inquam,
694 516 794 545 censeri
821 516 957 545 hominem

238 563 392 602 imperitum
413 571 437 592 et
452 563 620 601 inexpertum
637 573 729 591 causas
748 562 880 598 omnium,
898 573 958 600 quae

240 608 319 645 fiunt,
338 609 372 637 ab
381 609 483 637 artifice
495 608 640 645 requirere,
655 607 813 647 sapientiam
825 614 913 636 autem
928 608 961 636 il—

238 654 291 682 lam
305 654 471 689 immensam,
488 653 663 690 ineffabilem,
681 653 907 692 inexplicabilem,
918 654 958 682 in-

237 698 503 737 comprehensibilem
523 697 626 726 curiose
647 697 768 733 scrutari,
791 704 815 725 et
839 708 886 725 cur
907 697 957 725 hoc

238 743 280 771 vel
297 744 365 771 illud
381 744 426 771 fiat
438 743 589 781 exquirere,
604 742 688 781 idque
704 753 765 771 cum
778 742 862 781 probe
873 753 957 771 nove-

238 788 322 816 rimus
339 789 365 816 in
380 789 449 817 113110
473 788 631 827 sapientiam
646 799 763 817 errorem
778 799 830 816 non
853 788 956 825 cadere,

241 844 366 872 magnam
379 835 435 872 ejus
446 845 501 862 esse
513 834 669 868 bonitatem,
686 833 890 862 inenarrabilem
900 834 958 872 ejus

236 890 291 907 esse
302 879 509 918 providentiam,
515 879 549 907 ad
557 879 636 908 finem
643 889 801 918 prosperum
808 879 895 907 omnia
902 889 957 917 per·

237 925 335 961 venire,
345 936 403 963 quoe
417 926 450 953 ab
468 925 514 953 illo
529 932 618 953 nostra
626 935 704 953 causa
716 932 861 963 geruntur:
876 924 956 953 modo

236 981 269 998 110
282 977 376 999 nostrae
392 982 497 1009 quoque
510 978 598 1010 partes
609 970 711 1007 desint3
732 971 864 999 neminem
876 970 955 999 illum

238 1016 326 1054 perire
346 1016 427 1051 velle,
443 1026 533 1044 omnes
545 1016 633 1044 salvos
641 1016 728 1044 facere
742 1023 766 1044 et
780 1016 847 1044 velle
861 1023 885 1044 et
896 1027 954 1054 pos-

236 1061 285 1089 se?
300 1064 393 1090 Annon
409 1062 493 1099 igitur
507 1068 545 1090 est
559 1069 684 1090 extremm
697 1061 836 1090 dementiae
852 1062 954 1090 facinus

236 1117 308 1142 eum,
320 1107 367 1144 qui
378 1107 465 1135 salvos
482 1108 566 1135 facere
580 1114 687 1135 cunctos
699 1114 724 1135 et
738 1107 803 1135 velit
821 1114 845 1134 et
859 1107 953 1145 possit,

237 1152 339 1180 curiose
348 1153 520 1191 scrutarijain
529 1164 542 1180 a
558 1152 702 1191 principio,
716 1159 740 1180 et
749 1163 762 1181 e
777 1152 898 1190 vestigio,
908 1163 955 1181 ne-

237 1208 288 1235 que
304 1198 384 1226 finem
399 1209 491 1226 eorum
504 1209 563 1236 quae
579 1205 708 1236 geruntur
723 1198 897 1237 exspectare?

279 1243 418 1283 Praecipue
429 1255 492 1272 vero
504 1255 565 1272 cum
584 1254 666 1282 neque
681 1254 695 1271 a
711 1244 855 1283 principio,
875 1255 958 1283 neque

239 1287 363 1328 deinceps
374 1289 477 1318 curiose
494 1289 528 1317 sit
543 1289 747 1327 inquirendum,
764 1289 836 1328 quod
855 1290 876 1318 si
892 1290 958 1319 adeo

241 1337 361 1366 curiosus
374 1349 404 1366 ac
419 1338 535 1375 diligens
550 1345 682 1366 scrutator
697 1338 742 1375 sis,
765 1339 845 1367 finem
861 1350 957 1378 exspe—

241 1390 282 1411 cta
292 1406 298 1417 ,
309 1390 333 1411 et
347 1395 426 1422 quem
442 1384 549 1412 tandem
563 1384 666 1412 exitum
681 1384 730 1412 ista
743 1385 888 1413 sortiantur
897 1396 958 1414 eon-

240 1428 338 1463 sidera,
357 1440 441 1467 neque
452 1430 568 1458 turberis
589 1437 634 1458 aut
648 1430 771 1459 terrearis
786 1442 800 1458 a
815 1432 957 1470 principio.

240 1474 465 1512 Quandoquidem
487 1475 547 1503 auri
562 1486 666 1514 quoque
686 1476 802 1504 fusorem
817 1476 958 1516 imperitus

238 1521 335 1559 aliquis
348 1522 369 1549 si
386 1521 475 1549 videat
495 1522 571 1549 initio
585 1533 683 1550 aurum
703 1522 858 1560 liquantem,
874 1530 898 1551 et
916 1523 957 1551 ci—

239 1567 293 1595 neri
318 1566 455 1605 paleisque
469 1566 669 1601 admiscentem,
689 1567 739 1595 nisi
759 1568 841 1596 finem
859 1579 959 1608 exspe-

239 1619 409 1648 ctet‚a11rum
423 1612 533 1651 periisse
548 1612 717 1641 arbitrabitui
736 1625 741 1640 ε
756 1613 794 1641 sic
808 1620 833 1642 et
848 1614 874 1641 in
890 1614 959 1642 mari

238 1661 316 1686 na'tus
330 1664 355 1685 et
368 1657 495 1685 educatus
513 1658 688 1696 quispiam,si
701 1658 837 1686 confestim
851 1658 884 1686 ad
900 1670 958 1687 me-

237 1703 387 1732 diterranea
403 1703 547 1731 habitanda
568 1704 721 1739 translatus,
742 1714 800 1731 eum
816 1704 883 1732 nihil
895 1704 956 1743 pla<

238 1758 270 1776 110
285 1748 319 1776 de
334 1758 460 1786 agrorum
475 1747 650 1776 colendorum
666 1748 767 1776 ratione
781 1748 954 1783 inaudiverit,

238 1793 404 1822 reconditum
417 1793 537 1821 triticum
552 1793 660 1828 viderit,
674 1800 699 1821 et
710 1793 801 1832 januis
815 1794 955 1822 vectibus—

237 1849 289 1876 que
313 1839 469 1867 conclusum
490 1838 600 1875 servari,
626 1845 704 1876 atque
736 1838 770 1866 ab
799 1837 959 1867 humiditate

239 1884 360 1920 defendi,
381 1884 524 1922 statimque
549 1884 583 1912 31)
605 1884 721 1922 agricola
741 1883 838 1912 deinde
860 1884 958 1913 elatum

239 1930 340 1969 spargi,
356 1929 462 1968 projici,
477 1930 536 1957 etin
548 1940 612 1967 agro
621 1929 843 1968 pra‘tereuntibus
855 1930 959 1958 cunctis

239 1974 356 2014 exponi,
374 1981 398 2002 et
408 1984 458 2002 non
469 1973 547 2002 modo
558 1974 593 2001 ab
601 1973 762 2002 humiditate
773 1984 823 2002 non
836 1973 957 2011 defendi,

241 2021 286 2048 sed
311 2020 366 2047 luto
390 2020 505 2058 fimoque
528 2019 717 2047 macerandum
743 2019 850 2058 exponi,
876 2030 960 2058 neque

241 2065 379 2093 custodem
393 2065 502 2104 apponi,
519 2075 605 2093 nonne
620 2065 730 2103 periisse
746 2065 865 2093 triticum
883 2065 958 2093 arbi-

242 2111 367 2146 trabitur,
384 2117 408 2138 et
424 2111 567 2147 agricolam
587 2110 643 2138 haec
659 2117 779 2148 agentem
799 2109 959 2138 damnabit?

242 2158 277 2183 At
291 2156 347 2183 hece.
371 2155 555 2183 condemnatio
578 2166 628 2183 non
653 2155 689 2183 rei
708 2162 819 2191 natm-se,
837 2155 882 2183 5011
903 2156 960 2194 ejus

242 2200 382 2239 imperitia}
398 2200 561 2238 inscitimque
583 2200 725 2228 tribuenda
747 2207 794 2236 est,
819 2200 865 2238 qui
891 2208 960 2230 recte

244 2256 295 2274 non
306 2246 449 2285 judicavit,
463 2253 489 2273 et
503 2257 516 2273 a
540 2246 673 2284 principio
692 2246 782 2274 statim
803 2246 960 2275 sententiam

242 2292 312 2320 tulit.
323 2291 429 2320 Etenim
443 2291 463 2319 si
477 2298 592 2319 mstatein
602 2299 789 2329 exspectasset,
806 2303 835 2320 ac
845 2300 959 2331 segetem

243 2344 398 2366 vernantem
412 2336 531 2371 vidisset,
543 2336 637 2363 falcem
651 2343 798 2371 exacutam,
809 2338 958 2366 cttritieum

244 2382 315 2421 quod
333 2393 455 2421 sparsum
470 2382 563 2417 fuerat,
582 2388 606 2409 et
629 2381 684 2409 sine
703 2381 810 2410 custode
823 2382 956 2418 relictum,

244 2429 421 2468 putrefactum
445 2434 469 2455 et
490 2434 646 2466 corruptum
667 2438 697 2455 ac.
716 2427 772 2455 luto
793 2428 956 2466 expositum,

244 2485 308 2503 mox
332 2473 492 2512 germinasse
519 2483 549 2500 ac
573 2472 781 2510 multiplicatum
804 2474 958 2512 apparuisse

245 2520 387 2559 pulchrum
397 2542 404 2556 ,
414 2526 438 2547 et
453 2525 584 2547 vetustate
601 2517 719 2557 deposita
739 2518 824 2546 multo
839 2529 899 2547 cum
912 2520 956 2548 vi-

244 2576 306 2606 gore
327 2576 380 2594 sese
403 2564 527 2602 erexisse,
550 2563 626 2602 quasi
651 2563 808 2593 satellitibus
830 2565 957 2604 stipatum

552 184 581 206 S.
609 182 749 207 JOANMS
776 181 956 205 CHRYSOST.
987 181 1142 204 ARCHIEP.
1169 182 1436 206 CONSTANTINOP-

1006 242 1083 281 μόνον
1097 244 1118 271 εἷ
1135 243 1171 281 μὴ
1184 243 1216 272 τὰ
1226 244 1343 284 ἡμέτερα
1355 243 1521 273 διακόπτοιτο
1530 254 1537 261 ·
1552 243 1591 272 ὅτι
1602 242 1693 272 οὐδένα
1705 244 1770 272 ἀπο-

1005 287 1095 317 λέσθαι
1128 289 1260 326 βούλεται,
1295 289 1363 319 ἀλλὰ
1393 292 1488 318 σῶσαι.
1525 290 1588 322 Πῶς
1617 291 1667 326 οὐχ
1690 289 1770 328 ὑπερ-

1006 334 1152 369 ἕαλλούσης
1170 335 1279 372 μανίας,
1299 335 1342 364 τὸν
1362 335 1462 368 πάντας
1485 337 1568 364 σῶσαι
1583 334 1627 363 καὶ
1646 334 1771 372 βουλόμε-

1006 392 1048 420 νον
1060 381 1104 408 καὶ
1119 381 1259 418 δυνάμενον
1269 404 1276 415 ,
1296 382 1510 421 περιεργάζεσθαι
1525 382 1555 409 ἐκ
1569 379 1712 419 προοιμίων
1726 379 1770 407 καὶ

1007 426 1100 459 εὐθέως
1112 449 1120 465 ,
1133 427 1177 456 καὶ
1193 426 1260 465 μηδὲ
1274 427 1385 461 τὸτέλος
1400 428 1537 467 ἀναμένειν
1551 429 1602 456 τῶν
1613 425 1754 465 γινομένων
1765 437 1773 461 3

1048 1245 1174 1274 Μάλιστα
1197 1245 1244 1283 μὲν
1259 1244 1309 1284 γὰρ
1329 1244 1386 1273 οὔτε
1404 1245 1434 1274 ἐκ
1448 1245 1608 1284 προοιμίων,
1628 1244 1686 1274 οὕτε
1706 1245 1773 1284 μετὰ

1008 1295 1091 1320 ταῦτα
1115 1293 1340 1330 πολυπραγμονεῖν
1364 1292 1417 1319 δεῖ·
1438 1292 1460 1319 εἷ
1479 1290 1505 1319 δὲ
1520 1290 1588 1319 οὕτω
1602 1290 1736 1330 περίεργος
1751 1286 1775 1319 εἷ

1008 1337 1052 1364 καὶ
1066 1336 1273 1374 πολυπράγμων,
1287 1336 1398 1373 ἀνάμενε
1415 1336 1444 1364 τὸ
1459 1335 1547 1371 τέλος,
1561 1336 1606 1364 καὶ
1620 1337 1712 1364 σκόπει
1723 1339 1774 1365 ποῦ

973 1389 991 1412 Β
1008 1385 1090 1411 ταῦτα
1110 1383 1230 1420 ἀπαντᾷ,
1247 1381 1291 1410 καὶ
1312 1381 1348 1419 μὴ
1365 1381 1490 1420 θορυὸοῧ,
1515 1381 1580 1419 μηδὲ
1600 1381 1728 1421 ταράττου
1744 1383 1773 1410 ἐκ

1008 1427 1161 1467 προοιμίων.
1184 1427 1261 1456 Ἐπεὶ
1274 1428 1318 1455 καὶ
1329 1427 1372 1455 τὸν
1383 1427 1527 1466 χρυσοχόον
1540 1426 1645 1465 ἄπειρός
1656 1438 1695 1459 τις
1707 1428 1774 1466 ὁρῶν

1008 1475 1034 1502 ἐν
1059 1475 1128 1513 ἀρχῇ
1143 1473 1255 1508 τήκοντα
1277 1473 1321 1501 τὸν
1340 1473 1436 1512 χρυσὸν
1449 1495 1456 1508 ,
1475 1472 1520 1500 καὶ
1540 1475 1571 1509 τῇ
1585 1472 1667 1511 τέφρα
1680 1474 1774 1510 ἀναμι-

1007 1519 1103 1558 γνύντα
1123 1519 1167 1548 καὶ
1186 1523 1237 1551 τοῖς
1259 1518 1374 1558 ἀχύροις,
1389 1519 1411 1546 εἴ
1423 1518 1459 1556 μὴ
1474 1517 1503 1546 τὸ
1517 1518 1589 1550 τέλος
1605 1518 1775 1556 ἀναμείνειεν,

1008 1565 1137 1604 ἡγήσεται
1151 1564 1314 1593 ἀπολωλέναι
1334 1564 1364 1592 τὸ
1388 1563 1510 1603 χρυσίον·
1535 1563 1601 1592 οὕτω
1621 1563 1666 1592 καὶ
1687 1565 1712 1592 ἐν
1729 1567 1774 1592 θα-

1008 1611 1091 1650 λάττῃ
1117 1623 1156 1643 τις
1175 1610 1274 1649 τεχθεὶς
1291 1609 1334 1637 καὶ
1349 1610 1455 1648 τραφεὶς
1468 1632 1475 1645 ,
1499 1605 1555 1637 εἶτα
1570 1609 1660 1647 ἀθρόον
1676 1611 1712 1641 εἷς
1725 1609 1774 1644 τὴν

1010 1656 1142 1694 μεσόγειον
1166 1655 1336 1693 μετοικιοθεὶς
1356 1655 1401 1683 καὶ
1421 1657 1478 1683 καθ’
1499 1654 1558 1683 δ’λου
1582 1657 1628 1688 τῆς
1648 1655 1708 1693 περὶ
1726 1654 1775 1690 τὴν

1009 1703 1057 1739 γῆν
1073 1701 1223 1738 ἐπιμελείας
1235 1700 1344 1734 ἀνήκοος
1356 1699 1404 1735 ὢν,
1419 1699 1448 1727 ἂν
1461 1700 1503 1738 ἴδῃ
1515 1700 1558 1728 τὸν
1571 1704 1641 1727 σῖτον
1656 1699 1699 1727 τὸν
1713 1701 1774 1728 ἀπο-

1008 1746 1125 1784 κείμενον
1144 1746 1189 1774 καὶ
1210 1745 1402 1784 φυλαττόμενον
1428 1745 1478 1773 ὑπὸ
1494 1745 1581 1785 θύραις
1597 1745 1641 1773 καὶ
1657 1746 1774 1784 μοχλοῖς,

983 1808 990 1816 ι
1008 1792 1053 1820 καὶ
1068 1791 1164 1823 νοτίδος
1189 1791 1403 1829 ἀπηλλαγμένον,
1425 1790 1516 1828 ἀθρόον
1531 1791 1581 1819 ὑπὸ
1603 1793 1646 1818 τοῦ
1661 1791 1775 1828 γηπόνου

1009 1837 1195 1876 ἐκφερόμενον,
1220 1837 1437 1875 σκορπιζόμενον,
1461 1835 1642 1875 ῥιπτούμενον,
1664 1836 1709 1864 καὶ
1732 1836 1775 1865 ἐπὶ

1008 1884 1054 1917 τῆς
1075 1882 1185 1922 ἀρούρας
1206 1882 1324 1919 κείμενον
1341 1886 1394 1914 τοῖς
1418 1884 1554 1920 παριοῦσιν
1573 1882 1670 1917 ἅπασι,
1688 1881 1732 1910 καὶ
1746 1883 1775 1910 οὖ

1011 1928 1087 1966 μόνον
1100 1930 1145 1957 οὐκ
1160 1927 1362 1966 ἀπηλλαγμένον
1375 1927 1471 1959 νοτίδος
1485 1949 1491 1962 ,
1508 1927 1574 1955 ἀλλὰ
1587 1927 1631 1955 καὶ
1643 1929 1719 1966 πηλῷ
1731 1927 1776 1956 καὶ

1011 1974 1122 2012 τέλμασι
1146 1973 1351 2012 παραδιδόμενον
1362 1995 1369 2007 ,
1390 1973 1435 2001 καὶ
1449 1972 1552 2012 φύλακα
1569 1972 1658 2001 οὐδένα
1672 1973 1776 2012 ἔχοντα,

1011 2021 1057 2048 οὐκ
1070 2020 1099 2048 ἂν
1113 2020 1254 2048 ἀπολέσθαι
1266 2018 1308 2046 τον
1322 2013 1391 2046 σῖῖον
1403 2018 1529 2056 νομίσειε,
1543 2019 1587 2046 καὶ
1600 2018 1717 2057 κατέγνω
1731 2022 1775 2048 τοῦ

1011 2069 1093 2093 ταῦτα
1105 2068 1238 2096 ποιοῦντος
1253 2064 1383 2102 γηπόνου;
1399 2064 1467 2092 ’Ἀλλ’
1486 2066 1514 2092 οὗ
1530 2066 1576 2099 τ’ῆς
1594 2067 1639 2092 τοῦ
1653 2065 1777 2103 πράγμα-

1011 2123 1053 2143 τος
1075 2111 1175 2150 φύσεως
1190 2113 1205 2145 ἡ
1229 2110 1392 2147 κατάγνωσις
1403 2133 1410 2143 ,
1433 2110 1499 2138 ἀλλὰ
1515 2111 1560 2144 τῆς
1577 2113 1621 2138 τοῦ
1637 2109 1673 2147 μὴ
1689 2111 1776 2142 καλῶς

1012 2157 1146 2196 κρίναντος
1167 2156 1286 2194 ἀπειρίας
1300 2168 1328 2184 τε
1347 2155 1391 2183 καὶ
1409 2155 1497 2186 ἀνοίας
1508 2177 1514 2189 ,
1530 2155 1560 2183 ἐκ
1576 2155 1720 2194 προοιμίων
1736 2157 1777 2184 εὖ·

1013 2203 1075 2234 θέως
1090 2201 1137 2236 τὴν
1153 2203 1237 2240 ψῆφον
1253 2200 1382 2240 φέροντος.
1399 2200 1476 2229 Ἐπεὶ
1490 2202 1511 2228 εἰ
1524 2199 1553 2228 τὸ
1565 2200 1636 2240 θέρος
1646 2200 1776 2238 ἀνέμεινε,

1012 2247 1056 2275 καὶ
1073 2243 1123 2275 εἶδε
1137 2247 1170 2275 τὰ
1181 2247 1244 2281 λήϊα
1258 2248 1381 2284 κομῶντα
1391 2267 1398 2280 ‚
1413 2245 1457 2274 καὶ
1476 2245 1522 2280 τὴν
1535 2245 1664 2284 δρεπᾶνην
1679 2248 1776 2281 ἠκονη-

1013 2293 1102 2331 μένην,
1117 2292 1162 2321 καὶ
1174 2292 1217 2320 τὸν
1232 2291 1421 2331 σκορπισθέντα
1434 2290 1478 2319 καὶ
1491 2290 1639 2329 ἀφύλακτον
1653 2291 1777 2328 μείναντα

1012 2343 1097 2374 σῖτον,
1121 2338 1164 2366 καὶ
1187 2337 1302 2366 σαπέντα
1322 2336 1366 2364 καὶ
1388 2335 1561 2375 διαφθαρέντα
1582 2336 1626 2364 καὶ
1644 2339 1682 2376 τῷ
1699 2338 1776 2376 πηλῷ

1011 2384 1189 2423 παραδοθέντα
1201 2405 1208 2418 ,
1224 2385 1312 2411 τοῦτον
1333 2381 1494 2420 ἐγειρόμενον
1514 2381 1558 2410 καὶ
1579 2382 1775 2412 πολυπλασίονα

1011 2430 1153 2467 γινόμενον,
1167 2427 1321 2467 ὡραιότερόν
1334 2439 1362 2455 τε
1374 2426 1535 2466 φαινόμενον,
1549 2427 1594 2455 καὶ
1607 2427 1654 2462 τὴν
1666 2427 1776 2456 παλαιό-

1011 2487 1078 2509 τητα
1097 2474 1269 2512 ἀποθέμενον,
1292 2473 1337 2501 καὶ
1356 2472 1421 2511 μετὰ
1441 2473 1541 2507 πολλῆς
1555 2472 1707 2511 ὀρθούμενον
1728 2475 1775 2508 τῆς

1011 2520 1185 2559 σφοδρότητος
1197 2542 1204 2554 ,
1229 2519 1272 2547 καὶ
1294 2519 1448 2558 δορυψόρους
1462 2514 1514 2547 οἷον
1529 2518 1622 2557 ἔχοντα
1638 2519 1682 2547 καὶ
1698 2519 1774 2548 ἐνδύ-

1011 2577 1097 2603 ματα,
1114 2565 1158 2594 καὶ
1182 2563 1304 2602 καλάμην
1329 2564 1391 2603 πρὸς
1407 2563 1470 2602 ὕψος
1485 2564 1616 2603 ἐγείροντα
1629 2587 1636 2602 ,
1658 2564 1701 2593 καὶ
1715 2564 1774 2604 τέρ-
