1840 2839
687 217 729 240 or:
755 218 958 240 cumanum
1523 205 1591 240 515

57 279 260 318 Augustanus.
280 279 355 307 Puto
379 284 475 307 tamen
495 289 664 318 germanum
684 290 753 314 esse,
775 282 909 319 qumnvis
927 279 1161 318 languidiuscule
1180 281 1328 317 scriplum,
1355 285 1385 307 ul
1407 286 1474 307 sunt
1493 281 1592 308 rnullae

57 327 144 365 liujus
157 327 247 353 nostri
262 325 606 363 Constamonopolitan111.
621 326 701 354 Aliud
718 326 813 354 sentire
826 324 934 354 videtui·
946 325 1043 353 Fronto
1055 325 1180 359 Ducat-us,
1191 324 1235 362 qui
1252 324 1277 352 in
1291 324 1367 352 Notis
1380 324 1414 352 ad
1426 324 1492 351 han«-
1504 325 1590 353 linini-

56 371 119 399 liam
140 382 167 409 p.
188 371 274 398 1054.
302 377 372 399 tomo
389 371 438 406 Vl,
459 371 493 399 ita
517 371 653 409 loquitur:
672 373 767 411 Hujus
788 371 915 400 homilia»
934 371 1067 399 Graecum
1088 377 1197 398 textum
1218 381 1253 397 ex
1270 370 1420 398 Palatinis
1439 371 1591 398 codicibus

56 418 180 444 exscribi
192 418 304 444 curavit
317 417 453 450 Savilius,
466 423 492 444 el
509 428 543 444 ea·
558 419 710 445 Bavaricis
727 418 903 450 emendavit,
917 418 967 454 qui
981 422 1007 444 et
1021 426 1190 454 germanum
1204 426 1264 445 esse
1277 422 1362 453 pinsit
1379 426 1448 454 opus
1463 416 1591 451 Chr-rso·
1602 419 1639 438 ‘⁴³'-

57 463 150 497 smmi,
160 464 292 500 quamvis
303 464 339 490 ab
352 462 528 501 Auguslano
536 464 678 501 δικαίωμα
691 474 747 490 non
756 469 941 501 agnoscatur,
951 469 976 490 el
989 462 1222 500 languidiuscule
1232 463 1340 499 scripta
1352 462 1496 489 videatur.
1508 462 1593 498 Quod

57 518 127 535 sane
143 510 257 542 mirum,
278 519 343 536 cum
357 509 455 537 Simius
473 509 606 537 Senensis
624 516 692 536 ante
713 511 855 536 monuerit
873 509 1003 536 eamdem
1022 508 1101 547 apud
1118 509 1270 546 Origenem
1288 514 1402 535 exstare
1422 508 1511 535 serm.
1527 508 1543 534 7
1561 509 1592 534 in

57 554 184 582 diversos
199 555 286 588 locos,
306 561 331 583 et
347 557 423 583 inter
437 556 573 583 homilias
588 566 623 583 αι·
639 556 732 583 ‘variis
749 556 779 582 in
793 555 966 582 Matelm’um
984 555 1054 582 locis
1069 565 1130 582 esse
1143 554 1286 581 decimam
1301 555 1463 591 septimum,
1481 554 1535 580 hoc
1550 559 1592 581 est

57 601 88 626 in
109 610 143 628 ea
159 600 508 640 Sermonumfarragine,
533 611 620 640 quum
637 601 752 639 judicat
774 610 832 627 esse
847 601 983 628 monachi
1003 602 1098 638 potius
1121 599 1284 638 cujusdam,
1310 601 1360 637 qui
1374 599 1592 637 evangeliorum

57 646 278 683 explanationes
301 648 394 674 variis
414 648 598 674 intermixtas
617 646 765 683 allegoriis
781 645 880 673 edidit.
898 647 992 673 Porro
1013 646 1093 683 apud
1116 647 1268 683 Origenem
1290 645 1382 672 alium
1405 646 1591 683 interpretem

57 691 153 722 habet.
169 699 195 718 et
207 693 319 719 brevior
330 698 381 725 est,
400 703 488 731 quam
503 693 534 719 in
546 692 620 719 libro
635 702 670 719 ex
682 693 775 718 ‹vm-iis
790 693 820 718 in
830 691 1004 718 Mutlhoeum
1018 691 1089 718 Iocis
1104 702 1111 716 .·
1126 693 1156 718 in
1170 697 1289 728 utroque
1303 696 1399 718 lamen
1412 690 1475 718 Ioco
1488 692 1590 728 incipit

57 737 94 764 ab
109 737 169 765 illis
185 739 292 771 verbis,
305 738 421 766 Miratur
431 737 593 775 evangelista
606 749 611 764 z
628 747 692 776 quoe
706 738 828 774 reperies
841 747 868 774 ρ.
885 738 953 771 998,
967 738 1000 771 D,
1013 738 1023 773 [
1034 736 1096 764 edit.
1115 736 1210 764 Morel.
1223 738 1234 773 ]
1249 737 1335 774 hujus
1349 736 1484 763 editionis
1499 747 1507 762 .·
1527 746 1591 773 quae

57 792 127 809 vero
139 784 305 821 proececlunt
320 785 356 811 ab
371 785 455 811 initio
471 783 599 810 homilioe
614 789 698 810 vetus
713 782 831 820 quidam
848 784 989 820 interpres
1005 783 1110 810 Latine
1126 784 1214 809 vertit
1232 793 1237 808 :
1254 788 1279 809 el
1301 782 1448 809 habentur
1467 781 1591 808 homilia

56 827 168 856 decima
184 835 290 867 quarta
304 839 340 856 et
355 830 447 856 ‘variis
463 830 493 855 in
508 828 683 856 stlattlueum
697 828 767 856 locis
780 839 785 854 :
800 828 894 856 Multa·
906 834 1081 866 tempestates,
1097 827 1254 865 inquietudo
1269 827 1337 855 acris
1350 837 1355 853 z
1372 833 1399 854 et
1414 826 1506 854 aliam
1523 836 1590 854 rur-

55 883 103 901 sus
122 876 388 913 interpretationem
408 877 440 902 in
458 875 650 913 Lotltaringia
675 876 755 902 nacti
778 884 876 902 sumus
897 884 932 901 ex
946 875 1003 901 Ms.
1014 874 1120 901 Codice
1142 879 1266 906 erutam,
1293 882 1380 911 quarn
1403 882 1468 900 cum
1490 873 1591 899 eadem

55 920 177 948 homilia
196 922 227 949 17
246 923 432 959 conjunctam
450 922 655 954 recensuimus,
673 927 700 948 et
715 922 808 948 ‘variis
826 919 998 947 lectionibus
1013 925 1101 957 alrsue
1116 919 1367 946 emendationibus
1381 928 1417 945 es:
1433 918 1592 945 collatione

55 975 120 993 cum
136 966 242 994 Codice
258 966 359 995 Graeco
379 966 570 994 illustrissimi
587 966 757 994 Cardinolis
773 966 908 993 Perronii
929 964 1183 1003 amplisu-avimus.
1200 963 1261 991 llzec
1278 963 1376 997 Fronto
1394 963 1524 997 Ducaeus,
1549 973 1591 990 se-

55 1009 172 1039 cundum
185 1012 261 1050 cujus
272 1011 344 1039 haud
355 1011 437 1039 dubie
451 1011 607 1039 sententiam
619 1011 675 1039 haec
686 1010 797 1039 homilia
810 1010 835 1038 in
851 1010 915 1038 edit.
931 1009 1025 1038 Morel.
1041 1010 1128 1038 Tomo
1144 1009 1182 1038 Vl
1198 1008 1266 1036 inter
1277 1007 1376 1047 Spuria
1388 1018 1449 1036 cusa
1466 1008 1526 1035 suit,
1537 1008 1592 1036 Sed

55 1053 118 1082 huic
130 1056 265 1083 sententia:
281 1052 406 1083 reclamat
417 1055 623 1091 'l'illetnontius;
635 1065 746 1093 eamque
757 1055 825 1084 inter
839 1067 917 1086 veras
931 1066 1122 1095 germanasque
1138 1061 1223 1083 censet
1237 1054 1412 1090 retinendam,
1430 1053 1503 1092 quod
1516 1054 1592 1082 nulla

55 1100 204 1129 sat'idonca
220 1102 276 1140 ejus
291 1101 440 1140 rejicienda·
456 1102 523 1129 ratio
538 1102 674 1129 asseratur.

96 1147 174 1175 Certe
187 1147 258 1184 quod
269 1154 369 1187 spectat
383 1148 418 1176 ad
432 1148 545 1187 primam
563 1155 665 1187 partein
678 1148 712 1176 ad
728 1158 811 1186 usque
824 1147 901 1183 illud,
914 1158 987 1177 num.
1005 1148 1038 1175 5:
1053 1148 1183 1175 Miratur
1195 1147 1388 1185 evangelista,
1405 1156 1469 1174 ecce
1477 1146 1591 1181 mulier,

55 1199 115 1228 etc.,
127 1202 156 1220 ea
169 1193 293 1221 omnibus
307 1194 475 1232 γνησιότητος
487 1194 570 1231 signis
582 1194 617 1221 ita
630 1194 731 1222 inunita
739 1201 787 1229 est,
803 1201 831 1222 ut
844 1194 877 1222 de
890 1194 935 1221 illa
948 1195 1082 1221 neminem
1094 1193 1160 1221 bene
1171 1192 1322 1221 consultum
1333 1198 1425 1231 putem
1440 1202 1494 1219 csse
1507 1191 1593 1220 dubi-

57 1244 175 1266 taturum
189 1250 194 1265 :
209 1249 269 1266 nam
281 1250 364 1277 pauca
379 1239 425 1267 illa
436 1250 494 1277 quae
506 1239 538 1267 de
552 1239 647 1267 exsilio
663 1250 710 1267 suo
721 1239 817 1278 primo,
832 1240 918 1278 deque
933 1250 1052 1278 regressu
1069 1249 1116 1267 suo
1128 1238 1224 1276 tangit,
1241 1238 1277 1266 ita
1288 1244 1411 1266 accurate
1422 1237 1507 1276 posita
1519 1244 1592 1275 sunt,

57 1289 87 1310 ut
102 1293 130 1311 ea
143 1284 266 1312 Graeculo
277 1284 403 1323 cuipiam,
419 1295 451 1312 ex
467 1294 558 1312 eorum
573 1295 682 1312 numero
696 1285 741 1323 qui
757 1285 888 1313 orationes
902 1292 926 1313 et
939 1285 1063 1313 homilias
1080 1284 1114 1312 ab
1125 1295 1152 1312 se
1167 1284 1209 1312 vel
1224 1284 1305 1311 saetas
1317 1283 1358 1312 vel
1372 1283 1434 1311 hinc
1449 1283 1511 1311 inde
1526 1293 1592 1311 con-

57 1329 201 1358 sarcinatas
217 1330 410 1369 Chrysostomo
431 1329 543 1368 aliisque
559 1329 685 1358 Patribus
703 1330 898 1366 adscribebant,
918 1330 1000 1358 tribui
1018 1341 1069 1358 non
1084 1330 1177 1368 possit.
1197 1330 1256 1358 Non
1280 1329 1298 1357 ii
1318 1329 1417 1367 quippe
1437 1336 1522 1363 erant,
1546 1328 1593 1367 qui

57 1381 163 1413 possent
174 1375 299 1404 historica
314 1382 372 1404 acta
386 1375 528 1413 diligenter
539 1382 564 1404 et
579 1376 726 1405 secundum
740 1387 830 1405 veram
845 1377 939 1405 seriem
954 1376 1065 1410 referre;
1084 1386 1134 1403 non
1149 1382 1205 1403 erat
1218 1374 1327 1413 nugacis
1343 1374 1462 1403 Graeculi
1478 1375 1593 1413 carptim

56 1419 145 1449 dicere
159 1421 185 1449 in
200 1421 289 1460 priore
303 1421 399 1450 exsilio
415 1421 514 1449 multos
529 1432 562 1450 ex
577 1421 618 1458 iis,
634 1423 680 1460 qui
698 1422 844 1451 adversarii
852 1421 1039 1461 Clirysostomi
1056 1422 1170 1456 fuerant,
1184 1419 1368 1448 misericordia
1387 1427 1472 1447 motos
1485 1419 1519 1448 ad
1536 1420 1593 1459 ejus

57 1473 145 1504 partes
157 1467 301 1501 transiisse,
314 1467 387 1505 quod
399 1467 492 1505 utique
503 1474 606 1505 gestum
619 1467 680 1502 suit,
695 1475 724 1496 ut
736 1474 760 1496 et
776 1468 801 1496 in
814 1467 863 1496 hac
873 1467 985 1496 homilia
999 1466 1185 1505 significatur;
1197 1476 1248 1494 nou
1262 1472 1318 1494 erat
1328 1465 1445 1494 Graeculi
1457 1476 1591 1503 enarrare,

57 1512 146 1540 statim
155 1519 213 1551 post
223 1523 372 1551 regressum
378 1513 572 1552 Chrysostomi,
582 1523 672 1542 omncs
680 1513 849 1542 adversarios
859 1514 916 1553 ejus
924 1514 1016 1551 fugam
1025 1512 1127 1549 secisse,
1137 1511 1173 1539 ita
1183 1518 1211 1539 ut
1222 1521 1254 1539 ne
1264 1521 1332 1539 unus
1341 1510 1448 1548 quidem
1459 1521 1593 1550 compare-

58 1564 112 1593 ret3
128 1557 153 1586 id
165 1558 236 1596 quod
247 1569 316 1587 verae
328 1559 443 1587 liistoriae
456 1559 577 1598 apprime
587 1569 732 1587 consonum
745 1566 792 1588 est.
806 1560 906 1588 Caetera
913 1569 972 1597 quae
983 1565 1132 1596 sequuntur
1146 1557 1173 1585 in
1183 1557 1233 1585 hac
1244 1556 1356 1586 homilia
1373 1557 1499 1585 existimo
1512 1558 1592 1586 etiam

59 1603 242 1643 Chrysostomi
259 1615 322 1640 esse,
341 1604 402 1633 licet
423 1615 475 1633 non
497 1604 582 1633 ausim
597 1605 730 1633 affirmare
751 1616 779 1633 ea
802 1615 910 1644 prorsus
935 1615 990 1633 esse
1014 1604 1108 1632 alienis
1126 1603 1288 1642 quibusdam
1311 1603 1470 1631 assumentis
1484 1614 1590 1641 vacua;

57 1656 163 1688 possent
177 1649 247 1678 enini
261 1656 387 1678 extranea
402 1660 481 1678 manu
495 1657 635 1678 retractata
649 1650 731 1678 fuisse
745 1650 847 1688 aliquot
862 1651 887 1679 in
902 1651 976 1679 locis.
993 1651 1043 1679 Hic
1057 1660 1109 1678 non
1122 1660 1206 1688 pauca
1221 1656 1294 1687 sunt,
1311 1660 1368 1687 quae
1386 1649 1504 1677 Homilia
1517 1650 1554 1678 55
1565 1650 1592 1678 in

59 1694 217 1723 Mattliaeum
229 1695 322 1724 iisdem
335 1706 400 1734 pene
411 1695 500 1724 verbis
514 1696 651 1732 feruntur3
663 1703 717 1724 tam
728 1696 859 1725 familiare
869 1704 958 1725 autem
968 1697 1018 1725 fuit
1029 1696 1234 1735 Chrysostomo,
1246 1706 1276 1723 ea
1288 1705 1347 1733 quae
1359 1695 1463 1734 pridem
1473 1695 1591 1733 dixerat,

59 1739 86 1768 in
98 1740 158 1768 aliis
172 1740 290 1769 homiliis
305 1741 412 1778 referre,
425 1748 453 1768 ut
466 1741 494 1769 id
507 1741 596 1780 potius
608 1741 643 1769 ad
654 1748 782 1778 nostram,
795 1753 875 1780 quam
889 1742 924 1771 ad
936 1742 1097 1771 contrariam
1107 1741 1263 1770 sententiam
1275 1740 1403 1769 tuendam
1415 1741 1503 1769 afferri
1518 1752 1594 1780 posse

59 1791 191 1824 putemus.
205 1785 260 1814 Ubi
275 1786 355 1814 ctiam
370 1786 563 1815 advertendum
578 1786 645 1815 illud
662 1787 688 1815 in
705 1787 758 1816 fine
769 1787 850 1826 hujus
866 1788 984 1817 homiliae
998 1787 1126 1827 positum,
1142 1786 1214 1825 quod
1231 1787 1391 1824 μνημονικὸν
1407 1787 1594 1825 Chrysostomi

59 1832 205 1872 ἁμάρτημα
217 1832 325 1860 fortasse
336 1833 429 1869 fuerit;
446 1843 540 1871 nempe
551 1833 636 1861 Dixit
650 1834 740 1870 Deus,
750 1835 822 1862 Fiat
832 1835 946 1869 coelum,
961 1840 987 1862 et
994 1834 1116 1872 sactum
1130 1839 1172 1861 est
1183 1832 1298 1867 caelum,
1316 1832 1342 1860 in
1354 1832 1472 1860 Homilia
1487 1843 1593 1870 quoque

59 1876 105 1904 illa
120 1877 156 1905 55
173 1877 199 1905 in
216 1877 374 1905 Matthaeum
395 1878 514 1917 reperiri.
535 1878 587 1906 Illa
605 1889 668 1907 vero
691 1879 811 1907 clausula
828 1878 854 1906 in
868 1878 1006 1916 Scriptura
1027 1887 1100 1905 sacra
1115 1886 1167 1904 non
1189 1875 1331 1914 reperitur.
1346 1877 1449 1904 Verum
1469 1886 1519 1902 non
1532 1886 1592 1904 raro

60 1922 267 1962 Chrysostomus
282 1923 434 1951 memoriter
443 1924 588 1962 Scriptura}
601 1924 683 1952 verba
702 1925 798 1952 referre
811 1925 884 1960 solet,
900 1930 925 1951 et
936 1923 990 1951 alio
1002 1933 1083 1960 quam
1094 1922 1243 1949 habeantur
1255 1920 1333 1948 modo
1345 1931 1509 1959 expromere.

100 1968 139 1996 Ea
152 1978 231 2007 porro
244 1968 372 2005 Homilia,
389 1979 448 2006 qum
463 1969 532 1997 inter
545 1969 610 1997 alias
626 1970 702 2004 falso,
719 1977 748 1998 ut
761 1969 927 1998 consentiunt
938 1967 1155 2004 omnes,0rigeni
1171 1965 1327 2004 adscriptas,
1341 1972 1499 2003 recensetur,
1515 1967 1594 2005 cujus

61 2013 181 2041 meminit
196 2024 277 2052 supra
291 2014 389 2041 Fronto
402 2015 525 2049 Ducaeus,
539 2015 621 2053 hujus
635 2021 673 2043 est
689 2026 755 2054 pene
770 2013 968 2053 compendium.
980 2012 1050 2040 Huic
1067 2011 1172 2046 similis,
1188 2010 1233 2039 sed
1253 2010 1338 2038 multo
1357 2010 1461 2049 longior
1476 2018 1514 2039 est
1527 2011 1591 2049 alia,

60 2067 118 2095 quae
134 2057 200 2084 inter
219 2056 349 2085 Humilias
363 2067 395 2085 ex
411 2057 492 2085 variis
507 2058 534 2086 in
549 2058 708 2086 Matthaeum
729 2058 796 2087 locis
815 2059 918 2088 decima
935 2057 1046 2096 septima
1061 2063 1226 2091 numeratur,
1243 2066 1356 2094 quaeque
1376 2056 1403 2085 in
1421 2055 1596 2086 Editionibus

61 2102 246 2141 Chrysostomi
260 2102 361 2131 Latinis
374 2109 435 2131 ante
447 2103 606 2131 Frontonem
619 2104 748 2131 Ducaeum
762 2103 906 2142 publicatis
918 2113 980 2131 cusa
996 2102 1055 2130 fuit.

101 2148 188 2187 Hujus
198 2147 315 2177 homilia:
330 2147 573 2188 interpretationem
584 2159 680 2178 novam
694 2149 815 2178 Latinam
831 2148 1031 2178 adornavimus.
