1830 2829
326 183 367 205 DE
394 180 509 204 VERBIS
537 179 711 212 APOSTmJ,
741 180 913 203 uxanEs
941 180 1082 203 EUNDEM
1110 180 1280 204 Sl’lnrl'mi.
1314 185 1335 206 1.

75 242 140 282 ὑπὲρ
160 245 206 278 τῆς
224 243 386 280 ἀποδόσεως,
403 243 460 281 οὐχὶ
473 243 504 270 τὰ
519 242 605 271 πάντα
621 242 780 281 προήσεται,
797 242 842 277 Μὴ

75 288 160 316 τοίνυν
184 288 333 328 φειδώμεθα
354 288 509 328 χρημάτων,
529 289 628 325 μᾶλλον
650 288 675 317 δὲ
694 288 842 328 φειδιῖιμεθα

74 337 126 363 τῶν
148 335 310 374 χρημάτων·
334 337 347 364 ὁ
369 335 420 374 γὰρ
444 334 593 374 φειδόμενος
616 337 668 364 τῶν
691 336 783 370 ὄντων,
807 336 843 367 εἶς

74 379 120 411 τὰς
136 382 187 408 τῶν
202 380 321 416 πενήτων
342 384 432 420 χεῖρας
452 380 517 409 αὐτὰ
535 380 732 417 ἐναποτίθεται,
750 381 785 413 εἰς
799 380 842 408 τὸν

75 424 170 453 ἄσυλον
186 426 325 465 θησαυρὸν,
340 426 384 454 καὶ
395 427 504 464 λῃσταῖς
519 426 563 454 καὶ
578 426 689 459 οἰκέταις
702 426 745 455 καὶ
761 437 841 455 συκο-

75 471 182 509 φάνταις
198 470 351 510 κακούργοις
369 471 412 500 καὶ
424 472 521 504 πάσαις
533 471 632 510 ἐφόδοις
644 472 785 500 ἀνάλωτον.
808 471 846 500 lit

1543 176 1612 208 510

1592 212 1609 222 a

896 252 987 270 camus
1001 242 1119 281 pecunia:
1137 254 1142 270 :
1159 253 1220 271 nam
1236 243 1283 281 qui
1298 245 1468 273 facultatibus
1485 247 1539 274 suis
1551 259 1611 286 par·
1621 261 1647 281 ad

895 342 955 360 rum
970 339 1179 370 sacrosanctum,
1196 344 1248 372 quo
1262 345 1309 362 uec
1329 335 1454 372 latrones,
1468 347 1515 364 nec
1530 338 1610 373 seiri,
1622 353 1680 373 dm„

896 388 943 406 nec
962 378 1133 418 sycophantae
1157 379 1284 418 malefici,
1307 391 1354 409 nec
1377 381 1437 409 ulla:
1460 383 1613 411 mortalium

895 423 1000 453 insidia:
1012 431 1150 464 penetrare
1162 425 1275 455 valeant.
1291 427 1372 462 Quod
1383 427 1404 455 si
1419 427 1547 457 etiamhis
1561 439 1611 456 au-

894 468 958 498 «litis
975 470 1048 509 piget
1062 477 1087 498 tc
1101 481 1114 498 c
1130 470 1208 499 bonis
1236 471 1288 500 tuis
1311 472 1432 501 nonnihil
1452 484 1571 512 erogare,
1588 481 1614 502 et

74 515 100 544 δὲ
117 515 162 544 καὶ
180 518 263 544 ταῦτα
284 517 384 545 ἀκούων
403 518 485 549 ὀκνεῖς
504 517 630 556 προέσθαι
643 529 668 546 τι
684 519 734 545 τῶν
750 517 840 550 ὄντων,
859 526 878 546 Λ
896 526 978 554 neque
1003 516 1156 555 centuplum
1177 517 1371 556 recipiendum,
1391 529 1474 558 neque
1488 520 1613 559 pauperis

74 560 118 589 καὶ
129 560 187 590 οὔτε
208 561 238 590 τὸ
254 562 512 591 ἑκατονταπλασίονα
527 563 677 597 ἀπολαὸεῖν,
692 562 750 592 οὔτε
763 564 780 597 ἡ
794 563 839 590 τοῦ

74 605 185 640 πένητος
202 607 338 647 συμφορὰ,
356 608 415 636 οὔτε
430 609 494 637 ἄλλο
507 608 578 637 οὐδὲν
593 608 741 647 ἐπικάμψαι
756 619 784 636 σε
796 608 839 636 δυ-

73 652 198 688 νήσεται,
215 654 369 692 ἀναλόγισαι
387 653 419 682 τὰ
438 654 683 692 πεπλημμελημένοι
705 665 760 682 σοι·
781 654 838 683 εἴσ-

74 699 130 726 ελθε
153 699 189 732 εἷς
209 699 239 728 τὸ
261 700 374 731 συνειδὸς
389 701 440 728 τῶν
459 700 766 738 ἇμαρτημιίτων,πᾶ”σαν
788 699 840 732 ἐξέ-

73 743 152 772 τασόν
167 756 212 773 σου
227 744 274 780 τὴν
287 745 355 780 ζωήν
367 757 372 762 ·
385 744 523 783 κατάμαθέ
535 757 579 774 σου
592 744 624 773 τὰ
635 745 840 784 παραπτώματα

47 798 50 802 ·
74 789 141 826 μετὰ
165 790 314 829 ἀκριῧείας’
332 790 380 819 κᾶν
399 790 521 819 ἁπάντων
537 790 680 830 ἀνθρώπων
696 791 842 826 ἀπηνέστε-

73 845 116 873 ρος
140 830 189 873 ᾗς,
214 836 318 867 πάντως
341 836 392 864 ὑπὸ
416 839 461 864 τοῦ
481 835 561 874 φόέου
581 837 632 864 τῶν
648 837 841 875 ἡμαρτημένων

73 879 114 908 σοὶ
134 880 207 920 παρὰ
221 881 307 910 πάντα
322 881 366 910 τὸν
380 880 473 921 χρόνον
488 881 633 919 ὠθούμενος
646 904 654 918 ,
675 882 718 910 καὶ
735 883 776 911 διὰ
796 885 842 918 τῆς

73 925 251 963 ἐλεημοσύνης
271 927 361 966 ἄφεσίν
374 939 414 956 σοι
432 928 584 967 προσδοκῶν
598 928 718 965 γενέσθαι
734 929 842 965 τούτων,

73 971 118 1000 καὶ
134 972 163 1001 τὸ
175 974 253 1010 σῶμα
265 972 401 1006 ἐπιδώσεις
414 976 525 1007 σαυτοῦ,
541 973 604 1011 μήτι
614 985 643 1012 γε
657 975 793 1013 χρήματα.
810 976 842 1004 Εἰ

75 1016 125 1056 γὰρ
157 1017 296 1057 τραύματα
320 1018 436 1057 ἔχοντες,
469 1018 514 1047 καὶ
540 1019 677 1057 νοσήματα
703 1020 843 1058 σωματικὰ

75 1064 289 1103 ἀποκρούσασθαι
306 1065 458 1102 βουλόμενοι
469 1087 476 1101 ,
493 1065 592 1097 οὐδενὸς
604 1067 654 1095 τῶν
667 1066 747 1095 ὄντων
758 1067 843 1106 φειδό-

76 1111 157 1146 μεθα,
172 1109 220 1137 κᾶν
235 1110 297 1138 αὐτὸ
309 1110 337 1138 τὸ
353 1110 456 1148 ἱμάτιον
472 1110 614 1138 ἀποδόσθαι
629 1111 699 1147 δέοι,
717 1111 785 1140 ὥστε
796 1113 843 1146 τῆς

77 1155 224 1194 ἀρρωστίας
243 1156 430 1194 ἀπαλλαγῆναι
451 1155 551 1190 ἐκείνης
562 1168 567 1173 ·
583 1157 672 1195 πολλῷ
686 1158 784 1194 μᾶλλον
797 1160 844 1193 τῆς

75 1201 162 1239 ψυχῆς
181 1201 328 1240 ἀρρωστίαν
352 1201 520 1230 ἀποτίθεσθαι
537 1201 674 1240 μέλλοντες
689 1203 734 1231 καὶ
748 1202 781 1232 τὰ
793 1215 842 1242 χαπ

75 1245 143 1274 λεπὰ
165 1248 216 1274 τῶν
231 1246 430 1285 ἁμαρτημάτων
446 1246 585 1286 τραύματα
607 1247 649 1276 διὰ
669 1251 716 1283 τῆς
731 1250 843 1286 ἐλεημο-

75 1291 168 1327 σύνης,
192 1291 259 1329 μετὰ
282 1291 370 1327 πάσης
389 1291 535 1330 προθυμίας
559 1292 640 1328 αὐτὴν
661 1293 843 1333 ἐργασώμεθα.

75 1336 168 1366 Καίτοι
187 1349 216 1376 γε
240 1336 283 1366 ἐπὶ
301 1337 347 1375 μὲν
370 1339 420 1366 τῶν
435 1338 591 1376 νοσημάτων
607 1340 653 1367 οὐκ
665 1339 734 1368 ἔστιν
751 1339 844 1372 εὐθέως

75 1381 260 1410 καταὸαλόντα
275 1381 397 1422 ἀργύριον
411 1384 597 1422 ἀπαλλαγῆναι
608 1386 656 1419 τ’ῆς
666 1384 742 1413 νόσου
752 1407 759 1420 ,
776 1385 844 1414 ἀλλὰ

75 1428 113 1456 δεῖ
128 1428 173 1456 καὶ
186 1429 269 1465 τομῆς
281 1428 408 1461 πολλάκις
420 1429 465 1457 καὶ
479 1429 595 1463 καύσεως
607 1429 650 1458 καὶ
664 1432 764 1469 πικρῶν
777 1443 845 1470 φαρ-

76 1473 180 1511 μάκων,
204 1473 249 1502 καὶ
272 1474 368 1511 λιμοῦ,
393 1474 438 1502 καὶ
459 1474 572 1514 ψύχους,
589 1475 633 1504 καὶ
646 1475 740 1515 ἑτέρων
755 1488 845 1515 φορτι-

76 1518 197 1559 κωτέρων
220 1519 407 1557 ἐπιταγμάτων
419 1531 424 1537 ·
447 1522 558 1549 ἐνταῦθα
572 1521 597 1550 δὲ
611 1523 660 1560 οὐχ
674 1521 772 1558 οὕτως,
787 1523 846 1550 ἀλλ’

77 1565 152 1604 ἀρκεῖ
173 1565 332 1593 καταὸαλεῖν
350 1564 380 1593 τὸ
394 1565 514 1605 ἀργύριον
537 1569 572 1600 εἷς
590 1566 636 1599 τὰς
654 1568 705 1595 τῶν
724 1567 844 1603 πενήτων

75 1613 165 1649 χεῖρας
175 1632 182 1645 ‚
198 1610 242 1638 καὶ
256 1610 343 1639 πάντα
362 1610 453 1643 εὐθέως
469 1612 665 1641 ἀπολούσασθαι
676 1612 709 1641 τὰ
720 1614 844 1652 πεπλημ-

77 1654 212 1693 μελημένα
223 1655 303 1695 χωρὶς
317 1655 407 1691 ὀδύνης
420 1656 462 1685 καὶ
476 1657 564 1686 πόνου.
589 1657 622 1686 ‘O
635 1657 686 1697 γὰρ
698 1658 744 1694 τὴν
757 1660 843 1699 ψυχὴν

76 1700 225 1739 θεραπεύων
248 1700 351 1741 ἰατρὸς,
373 1703 401 1730 οὗ
422 1703 504 1731 δεῖται
523 1702 636 1740 μεθόδων
655 1703 699 1732 καὶ
714 1704 842 1743 ὀργάνων,

75 1745 119 1773 καὶ
141 1745 248 1784 σιδήρου
273 1746 318 1774 καὶ
340 1747 434 1786 πυρός·
461 1749 519 1776 ἀλλ’
544 1749 618 1788 ἀρκεῖ
641 1751 730 1778 νεῦσαι
755 1749 842 1788 μόνον,

75 1790 120 1818 καὶ
142 1790 228 1820 πάντα
256 1793 325 1830 ἐκρεῖ
346 1795 392 1826 τῆς
417 1793 548 1833 ἡμετέρας
569 1796 655 1833 ψυχῆς
671 1795 704 1824 τὰ
717 1797 842 1834 πλημμε-

74 1835 199 1874 λήματα,
213 1836 257 1865 καὶ
272 1838 307 1870 εἷς
322 1836 352 1865 τὸ
367 1837 403 1875 μὴ
418 1838 445 1866 ὃν
461 1839 622 1878 ἀφανίζεται.

894 561 1041 598 calamitas,
1056 572 1141 600 neque
1157 562 1231 591 aliud
1247 563 1393 602 quidquam
1410 565 1514 594 flectere
1525 572 1548 594 te
1565 577 1612 605 po-

895 613 958 644 test,
983 614 1076 646 reputa
1097 619 1177 646 quam
1194 609 1276 637 multa
1291 611 1460 649 peccaveris,
1475 611 1613 649 ingredere

895 651 920 680 iu
929 653 1115 682 conscientiam
1126 653 1294 692 delictorum,
1305 662 1401 684 excute
1410 666 1514 685 omnem
1524 664 1610 686 aetam

894 698 988 734 vitam,
1003 706 1127 727 accurate
1150 707 1235 728 errata
1252 708 1295 729 tua
1308 712 1447 740 cognosce,
1467 710 1491 731 et
1501 703 1536 731 sis
1551 703 1612 732 lieet

894 743 1033 772 homiuum
1051 744 1173 774 omnium
1198 746 1446 785 inhumanissimus,
1473 756 1541 777 certe
1562 760 1610 788 pa-

895 799 958 817 vore
972 796 1140 828 peccatorum
1169 791 1241 819 omni
1271 798 1387 831 tempore
1411 793 1573 832 compulsus,
1586 801 1612 822 et

896 834 1076 863 remissionem
1090 843 1198 874 propter
1219 836 1415 877 eleemosynam
1431 849 1549 877 sperans,
1569 839 1612 868 vel

896 890 992 919 corpus
1007 887 1083 908 tuum
1105 881 1214 921 insuper
1239 882 1384 922 impendes,
1407 884 1504 913 nedum
1531 896 1611 924 pecu-

897 924 978 954 niam.
997 926 1029 954 Si
1040 926 1111 954 enim
1131 927 1229 963 saucii,
1242 935 1267 956 et
1279 929 1386 957 morbos
1400 931 1551 969 corporales
1564 931 1614 959 de-

897 971 993 1010 pellere
1004 971 1149 1011 cupientes,
1166 972 1248 1001 nullis
1271 973 1445 1003 facultatibus
1464 976 1614 1015 parcimus,

896 1016 1000 1045 etiamsi
1015 1016 1202 1046 indumentum
1214 1017 1303 1057 ipsum
1318 1019 1518 1049 div-cudendum
1531 1021 1574 1058 sit,
1588 1028 1616 1049 ut

897 1061 931 1090 ab
959 1061 1113 1091 infirmitate
1137 1063 1182 1092 illa
1216 1063 1361 1093 liberemur
1387 1078 1392 1093 :
1415 1066 1500 1094 multo
1531 1067 1617 1105 magis

897 1106 991 1135 animae
1008 1106 1192 1137 infirmitatem
1208 1116 1233 1137 et
1261 1110 1420 1148 gravissima
1447 1119 1615 1151 peccatorum

897 1152 1008 1181 vulnera
1023 1153 1141 1182 curaturi
1152 1164 1200 1193 per
1213 1155 1419 1195 eleemosynam,
1437 1168 1497 1186 eum
1512 1169 1616 1186 summa

897 1197 1095 1227 alacritatceam
1103 1200 1310 1229 exeereebimus.
1319 1202 1400 1239 Atqui
1416 1203 1518 1240 quoties
1531 1213 1616 1241 aegro-

899 1250 948 1278 tas,
974 1253 1025 1271 non
1041 1243 1130 1272 statim
1155 1252 1292 1273 numerata
1321 1246 1434 1284 pecunia
1464 1247 1585 1276 liberaris
1600 1259 1615 1276 a

899 1289 1002 1325 morbo,
1017 1288 1062 1317 sed
1083 1300 1265 1328 saepenumero
1284 1298 1309 1320 et
1323 1292 1438 1321 sectione
1454 1304 1520 1332 opus
1532 1301 1578 1329 est,
1590 1301 1616 1323 et

899 1334 1012 1371 ustione,
1024 1341 1048 1362 et
1061 1335 1157 1363 amaris
1168 1335 1329 1374 pharmacis,
1339 1343 1361 1365 et
1371 1338 1451 1372 same,
1468 1345 1493 1366 et
1504 1338 1614 1377 frigore,

899 1385 924 1407 et
944 1379 1005 1407 aliis
1031 1379 1202 1418 gravioribus
1222 1381 1354 1410 mandatis
1369 1393 1375 1409 ε
1390 1382 1434 1410 hic
1457 1390 1545 1412 autem
1564 1394 1615 1412 non

899 1423 947 1461 sic,
966 1424 1011 1452 sed
1024 1425 1087 1453 satis
1101 1431 1140 1453 est
1153 1425 1218 1453 dare
1228 1437 1350 1455 nummos
1362 1427 1388 1455 iu
1404 1438 1499 1456 manus
1514 1440 1612 1468 paupe-

898 1480 969 1505 rum,
984 1477 1008 1498 et
1019 1470 1107 1498 statim
1124 1471 1242 1499 ablueris
1256 1473 1343 1501 onmia
1361 1480 1478 1512 peccata,
1492 1474 1549 1503 sine
1560 1475 1616 1504 ullo

899 1514 942 1543 vel
952 1514 1045 1544 dolore
1058 1516 1099 1544 vel
1112 1516 1214 1545 labore.
1224 1517 1348 1547 Medicus
1355 1519 1425 1547 enim
1438 1519 1482 1557 qui
1497 1519 1613 1550 animam

900 1566 984 1595 curat,
996 1569 1048 1587 non
1064 1570 1131 1598 opus
1140 1560 1219 1588 habet
1233 1568 1298 1598 arte,
1311 1572 1362 1590 non
1378 1562 1561 1591 instrumentis
1574 1574 1616 1592 ar-

900 1603 944 1640 tis,
957 1614 1009 1631 non
1022 1604 1092 1633 ferro
1101 1611 1147 1633 aut
1157 1605 1218 1644 igne
1239 1618 1245 1633 :
1265 1606 1312 1635 sed
1323 1607 1394 1636 solus
1415 1615 1496 1636 nutus
1507 1609 1616 1645 sufficit,

899 1660 929 1678 ac
942 1660 1007 1678 mox
1030 1651 1118 1679 omnia
1143 1658 1250 1690 peccata
1265 1653 1299 1681 ab
1313 1653 1401 1682 anima
1423 1654 1580 1683 auferuntur
1591 1662 1615 1684 et

897 1702 1069 1725 evanescunt.

1668 260 1763 281 cler-nn·-

895 287 941 323 eit,
952 287 976 315 iu
994 298 1141 327 pauperum
1157 299 1251 317 manus
1265 300 1308 318 eas
1320 289 1441 329 deponit,
1459 291 1484 318 iu
1502 292 1610 320 tluzsau-
1622 300 1695 349 ⁵)''¹²''¹¹
1710 300 1762 342 ΙΙἹἿΙ·

1678 331 1706 342 ΝΤ
1734 331 1736 334 ⁴
1756 334 1763 337 “

114 1883 174 1921 Οὐχ
198 1884 258 1921 ὁρᾷς
284 1882 342 1915 τοὺς
367 1883 496 1922 μοναχοὺς
516 1884 574 1918 τοὺς
595 1885 638 1914 τὸν
662 1886 763 1924 μονήρη
785 1886 840 1925 βίον

74 1929 261 1966 ἐπιθυμοῦντας
282 1928 326 1956 καὶ
347 1931 383 1961 εἷς
403 1929 451 1961 τὰς
471 1930 584 1969 κορυφὰς
606 1933 657 1959 τῶν
678 1931 759 1970 ὀρέων
775 1933 840 1960 ἀνα-

934 1887 963 1914 9.
981 1886 1042 1914 Non
1051 1886 1127 1915 vides
1151 1888 1295 1916 monachos
1317 1889 1381 1917 istos
1396 1889 1442 1926 qui
1460 1889 1607 1919 solitariam
1641 1894 1761 1917 Monachu-

894 1930 977 1958 vitam
987 1931 1194 1970 amplectuntur,
1204 1939 1229 1960 et
1241 1933 1267 1960 in
1275 1933 1386 1962 vertices
1396 1935 1525 1963 montium
1538 1947 1605 1965 sece-
1617 1927 1760 1979 2²:¹2„thssss

74 1975 233 2012 χωροῦντας,
247 1973 310 2008 ὅσην
325 1974 483 2011 ὑπομένουσι
495 1976 713 2014 σκληραγωγίαν;
729 1976 780 2005 Καὶ
789 1977 840 2017 γὰρ

75 2018 169 2046 σποδὸν
197 2018 454 2056 ὓποστρωννύμενοι,
488 2020 533 2048 καὶ
558 2020 654 2050 σάκκον
682 2021 840 2060 περιὸαλλό-

75 2075 161 2100 μενοι,
174 2063 220 2091 καὶ
231 2063 306 2092 κλοιὰ
318 2064 397 2092 παντὶ
410 2067 448 2103 τῷ
463 2065 567 2103 σώματι
580 2067 754 2105 περιτιθέντες
765 2089 772 2103 ,
795 2068 840 2096 καὶ

74 2110 100 2136 ἐν
118 2109 181 2147 οἴκῳ
200 2108 378 2147 καθείρξαντες
396 2109 516 2146 ἑαυτοὺς,
536 2112 607 2150 λιμῷ
623 2112 764 2140 παλαίουσι
778 2113 839 2148 διη-

74 2158 142 2182 νεκεῖ
152 2175 159 2189 ,
181 2153 284 2192 θρήνοις
300 2155 394 2187 συζῶσι
410 2155 454 2183 καῖ
470 2155 622 2194 ἀγρυπνίαις
637 2156 785 2196 ἀφορήτοις,
797 2157 840 2186 ἵνα

74 2199 204 2233 δυνηθῶσι
217 2198 309 2237 μικρὸν
323 2202 384 2237 γοῦν
399 2199 476 2238 μέρος
487 2202 539 2228 τῶν
551 2202 744 2241 ἡμαρτημένων
762 2203 840 2242 ἀπορ-

76 2243 213 2283 ῥίψασθαι·
237 2244 277 2272 σοὶ
306 2243 332 2273 δὲ
357 2244 439 2277 ἔξεστι
461 2246 542 2284 χωρὶς
568 2248 615 2281 τῆς
639 2248 841 2286 σκληραγωγίας

75 2289 178 2325 ἁπάσης
198 2289 299 2324 ἐκείνης
320 2290 367 2325 τὴν
387 2290 490 2319 εὔκολον
510 2291 608 2327 ταύτην
630 2293 675 2321 καὶ
690 2293 780 2332 ῥᾳδίαν
795 2296 840 2322 εὐ-

75 2333 183 2362 hiemo»
207 2335 393 2369 ἐπιδείξασθαι.
424 2337 504 2368 Ποῖος
525 2337 576 2377 γὰρ
595 2337 688 2373 πόνος,
713 2338 772 2367 εἶπέ
788 2351 841 2377 μοι,

76 2380 127 2407 τῶν
149 2379 228 2408 ὄντων
251 2380 441 2417 ἀπολαύοντας,
465 2381 498 2410 τὰ
517 2383 627 2421 περιττὰ
645 2386 691 2418 τῆς
705 2384 795 2423 χρείας
808 2386 843 2417 εἷς

77 2423 134 2456 τοὺς
155 2425 290 2462 δεομένους
311 2427 461 2462 ἀναλῶσαις
482 2428 514 2456 Εἰ
531 2428 581 2466 γὰρ
598 2428 634 2466 μὴ
649 2430 738 2467 μισθὸς
751 2430 843 2466 ἔκειτο,

79 2469 101 2496 εἷ
122 2468 171 2508 γὰρ
194 2469 230 2507 μὴ
248 2471 346 2508 ἀμοιὲὴ
367 2472 480 2506 τοσαύτη
498 2472 610 2512 ὥριστο,
629 2475 694 2509 αὐτὴ
714 2479 759 2504 τοῦ
777 2475 844 2514 προί-

78 2525 176 2550 γματος
190 2516 206 2548 ἡ
227 2515 300 2554 φύσις
321 2518 368 2555 οὐχ
385 2517 462 2552 ἱκανὴ
486 2518 530 2546 καὶ
552 2518 610 2551 τοὺς
629 2520 727 2558 σφόδρα
743 2521 843 2558 ἀνημέ-

82 2569 138 2595 ρους
158 2563 260 2595 πεῖσαι,
284 2565 335 2593 ’.οἱς
356 2563 547 2600 περιττεύουσιν
565 2565 598 2595 εἰς
614 2565 780 2603 παραμυθίαν
794 2568 844 2594 τῶν

894 1975 972 2013 (lunt,
990 1987 1071 2013 quam
1082 1976 1178 2004 duram
1194 1977 1304 2006 vivendi
1315 1979 1443 2007 rationem
1458 1981 1606 2019 perferant?
1618 1989 1656 2008 ιῑο.

895 2020 1002 2048 Etenim
1025 2020 1138 2049 cinerem
1155 2021 1206 2049 sibi
1228 2022 1431 2060 substernentes,
1456 2032 1481 2054 et
1499 2037 1606 2055 saccum

894 2065 1042 2101 induentes,
1055 2072 1081 2094 et
1095 2066 1193 2095 catenis
1203 2067 1293 2096 seri-eis
1309 2075 1395 2097 totum
1406 2080 1501 2110 corpus
1510 2071 1606 2111 degra-

895 2117 996 2146 vantes,
1008 2117 1033 2139 et
1051 2110 1078 2139 in
1097 2121 1155 2139 casa
1176 2113 1276 2152 seipsos
1297 2114 1482 2146 concludentes
1500 2118 1607 2148 assidue

895 2166 958 2183 cum
973 2156 1042 2184 fame
1058 2156 1203 2192 luctantur,
1220 2158 1247 2187 in
1272 2159 1335 2187 fletu
1351 2161 1449 2190 vivunt
1463 2169 1488 2191 et
1506 2164 1607 2202 vigiliis

895 2201 1117 2238 intolerabilibus,
1134 2210 1162 2231 ut
1176 2211 1279 2242 partem
1297 2206 1414 2244 aliquam
1437 2217 1606 2247 peccatorum

895 2247 1005 2275 abluant
1019 2259 1024 2274 :
1041 2248 1090 2276 tibi
1101 2259 1163 2277 vero
1177 2249 1238 2278 licet
1249 2251 1305 2280 sine
1313 2253 1385 2281 omni
1397 2253 1443 2283 illo
1453 2254 1522 2284 duro
1532 2256 1606 2285 victu

895 2292 1047 2332 expeditam
1055 2293 1124 2322 hanc
1131 2301 1156 2322 et
1169 2295 1273 2324 facilem
1287 2297 1393 2336 pietatis
1407 2299 1479 2328 viam
1493 2301 1605 2339 ingredi.

895 2338 991 2373 Qualis
1005 2339 1088 2374 enim,
1107 2350 1182 2379 rogO,
1201 2341 1278 2370 labor
1296 2350 1343 2380 est,
1367 2344 1410 2372 his
1429 2356 1488 2383 quae
1509 2347 1607 2377 adsunt

895 2383 958 2420 frui,
970 2390 994 2412 et
1007 2384 1079 2422 quod
1098 2393 1216 2424 superest
1228 2387 1255 2415 in
1267 2398 1361 2426 egenos
1375 2389 1524 2420 insumere?
1537 2394 1607 2421 Nam

896 2430 999 2458 etiamsi
1007 2430 1080 2458 nulla
1095 2441 1194 2460 merces
1206 2441 1272 2462 esset
1284 2435 1428 2473 proposita,
1436 2436 1539 2465 etiamsi
1555 2449 1606 2466 non

897 2482 951 2504 tam
967 2475 1055 2515 ampla
1068 2476 1208 2506 retributio
1221 2478 1352 2516 praefinita
1368 2487 1444 2517 esset,
1467 2492 1553 2510 annon
1568 2483 1610 2511 vel

899 2520 955 2559 ipsa
970 2520 1005 2548 rei
1025 2528 1118 2549 natura
1141 2524 1315 2559 quantumvis
1329 2524 1483 2554 inhumanis
1498 2537 1610 2565 persua—

898 2566 961 2595 dere
972 2573 1083 2605 poterat,
1098 2575 1125 2595 ut
1139 2578 1169 2596 eo
1179 2569 1251 2606 quod
1269 2569 1332 2607 ipsis
1346 2572 1505 2609 superestad
1520 2583 1613 2611 egeno-
