1840 2839
745 210 880 233 lth'rot.
891 211 923 232 F..

65 264 129 292 πολέ
117 276 200 302 εμιος,
212 265 349 295 ἀνύποπτα
364 267 453 296 λοιπον
469 279 513 296 και
525 267 598 306 παρὰ
612 272 665 301 τοῖς
680 269 781 308 ἐχθροῖς
795 269 827 298 τὰ

63 310 212 350 γραφόμενα
223 307 264 346 ἦν,

98 811 174 850 Εἶδες
195 818 224 847 τὸ
249 818 397 857 εὖμήγανον
418 830 462 847 του
484 819 568 854 Θεοῢ;
589 813 653 852 εἶοες
677 819 707 848 τὸ
730 820 822 859 σοφόν;
842 825 859 848 C

57 857 124 895 εἶδες
135 864 164 891 τὸ
174 863 332 902 παράδοξον;
344 859 407 896 εἶδες
418 875 448 892 το
460 864 641 904 φιλάνθρωπον
655 877 699 893 και
711 866 823 904 κηδεμο-

56 907 144 943 νικόν;
160 908 204 944 Μὴ
216 909 299 937 τοίνυν
312 909 429 949 Οορυῧου,
448 909 513 948 μηδὲ
530 910 669 949 ταράττου,
682 910 749 939 ἀλλὰ
762 912 823 949 μένε

55 953 182 988 διηνεκῶς
202 954 267 993 ὑπὲρ
281 954 386 983 πάντων
400 957 437 994 τῷ
457 957 518 994 Θεῷ
534 957 734 994 εὖχαριστοῧσα,
752 957 824 990 δοξο-

56 998 184 1036 λογοῧσα,
207 1001 414 1039 παρακαλοῦσα,
438 1000 564 1038 δεομένη,
587 1002 754 1031 ἱκετεύουσα·
774 1003 823 1031 κᾶν

57 1043 144 1083 μυρίοι
170 1044 289 1084 Οόρυέοι,
317 1045 365 1073 κᾶν
389 1045 480 1084 μυρίαι
504 1047 620 1085 ταραχαὶ
641 1047 751 1084 ἐπίωσι,
774 1048 822 1077 κᾶν

56 1087 226 1127 Ι’καιτοιιγίοξς
244 1091 285 1118 ἐπ’
303 1091 360 1129 ὄψιν
375 1091 502 1127 κε’ωνται,
519 1092 599 1130 μηδέν
615 1104 644 1121 σε
664 1093 762 1122 τούτων
778 1106 824 1122 τα-

58 1135 182 1174 ραττέτω.
202 1136 241 1163 Οὐ
257 1135 307 1175 γὰρ
331 1137 545 1176 προλαμῧάνεται
569 1140 632 1176 ἡμῖν
654 1141 668 1167 ὁ
688 1141 824 1174 Δεσπότης

57 1180 107 1208 ὑπὸ
121 1182 167 1215 τῆς
180 1183 232 1209 τῶν
247 1183 410 1220 πραγμάτων
427 1183 573 1218 δυσκολίας,
592 1184 640 1212 κᾶν
656 1187 692 1218 εἷς
713 1186 822 1225 ἔσχατον

55 1226 159 1265 ὄλεθρον
183 1226 269 1255 πάντα
295 1230 448 1267 κατενεχθῇ.
474 1229 588 1258 Δυνατὸν
611 1230 661 1270 γὰρ
688 1232 758 1270 αὐτῷ
779 1232 823 1260 καὶ
841 1241 858 1262 Ι)

54 1271 113 1304 τοὺς
132 1272 304 1304 πεπτωκότας
322 1274 431 1312 ἐγεῖραι,
456 1274 501 1302 καὶ
525 1273 583 1308 τοὺς
607 1277 826 1315 πεπλανημένους

55 1317 206 1357 ἐπιτρέψαι,
222 1317 267 1345 καὶ
280 1317 337 1350 τοὺς
350 1319 585 1353 σκανδαλισθέντας
603 1322 757 1360 διορθῶσαι,
778 1323 823 1352 καὶ

53 1362 112 1395 τοὺς
127 1363 225 1402 μυρίων
244 1365 429 1403 πληρωθέντας
452 1365 651 1405 ἁμαρτημάτων
674 1368 822 1401 ἀπαλλάξαι

55 1408 99 1436 καὶ
122 1408 236 1442 δικαίους
252 1411 377 1446 ποιῆσαι,
391 1410 437 1439 καὶ
453 1410 512 1443 τοὺς
529 1412 703 1452 νεκρωθέντας
727 1416 821 1452 ζωογο-

54 1455 140 1490 νῆσαι,
166 1455 210 1483 καὶ
232 1456 434 1494 κατασκαφέντα
454 1457 626 1496 λαμπρότερα
649 1459 821 1498 ἐργάσασθαι,

55 1500 100 1528 καὶ
115 1499 149 1528 τὰ
162 1500 345 1529 παλαιωθέντα
366 1503 519 1531 ἀνανεωσαι.
541 1504 574 1532 Εἰ
588 1503 639 1543 γὰρ
657 1504 690 1533 τὰ
706 1505 742 1542 μὴ
760 1506 822 1534 ὄντα

55 1548 124 1573 ποιεῖ
137 1546 272 1583 γενέσθαι,
288 1546 397 1579 καὶτοῖς
412 1548 535 1585 μηδαμοῦ
551 1550 679 1587 μηδαμῶς
695 1551 820 1589 φαινομέ-

54 1601 107 1623 νοις
126 1589 261 1629 χαριζεται
281 1591 310 1620 τὸ
334 1587 408 1627 εἶναι,
421 1593 511 1621 πολλω
535 1595 634 1631 μᾶλλον
648 1594 682 1623 τὰ
701 1595 763 1624 ὄντα
777 1597 822 1625 καὶ

54 1636 180 1674 γενόμενα
201 1636 377 1676 διορθώσεται.
393 1637 471 1666 Ἀλλὰ
484 1639 576 1668 πολλοὶ
598 1641 621 1668 οἳ
637 1641 820 1679 ἀπολλύμενοι,

52 1681 145 1710 πολλοὶ
163 1683 186 1710 ot
200 1683 445 1720 σκανδαλιζόμενοι;
457 1683 550 1712 Πολλὰ
564 1686 691 1719 πολλάκις
709 1687 754 1715 καὶ
769 1688 819 1723 ἤδη

52 1730 160 1755 τοιαῦτα
190 1727 309 1766 γέγονεν,
344 1729 402 1757 ἀλλ’
425 1728 530 1766 ὕστερον
559 1730 606 1765 τὴν
637 1732 820 1770 προσήκουσαν

52 1772 132 1801 {Mea
154 1773 239 1802 πάντα
261 1774 406 1814 διόρθωσιν,
427 1775 496 1810 πλὴν
520 1777 543 1804 εἰ
562 1777 599 1815 μή
620 1789 690 1811 τινες
708 1778 821 1812 ἀνιάτως

51 1817 156 1855 ἔμειναν
171 1819 273 1857 ἔχοντες
288 1820 332 1848 καὶ
350 1819 416 1858 μετὰ
430 1820 476 1856 τὴν
492 1823 543 1849 τῶν
558 1823 721 1861 πραγμάτων
738 1836 820 1862 μετα-

52 1863 140 1899 ίῗολήν.
155 1864 191 1893 Τί
211 1865 338 1904 ταράττῃ,
355 1866 400 1894 καὶ
420 1866 515 1902 ἀλύεις,
531 1868 553 1895 εἷ
575 1870 588 1896 ὁ
604 1869 674 1896 δεῖνα
690 1869 818 1905 {aeimm-

51 1921 111 1945 ται,
132 1909 176 1937 καὶ
197 1912 210 1938 ὁ
234 1911 305 1939 δεῖνα
326 1911 517 1946 εἷσενήνεκται;
533 1912 566 1941 ‘O
589 1913 702 1953 Χριστὸς
725 1916 820 1944 ἐσταυ-

53 1965 138 1992 ρουτο,
161 1966 206 1982 και
229 1955 373 1994 Βαραὸὅας
397 1958 410 1984 ὁ
439 1956 539 1995 λῃστὴς
563 1957 654 1996 (ἐξῃτε
656 1962 706 1993 ἷτο,
736 1971 781 1988 και
805 1963 818 1988 ὁ

53 1999 238 2055 διεφθαρμένος
250 1999 313 2028 seda
330 2001 420 2038 δημος,
434 2001 477 2029 τὸν
501 2003 654 2041 ἀνδροφόνον
668 2007 713 2032 τοῦ
725 2005 818 2039 Σωτῆ-
827 2030 861 2047 53¹

54 2055 96 2082 ρος
110 2056 154 2072 και
170 2044 303 2084 εὐεργέτου
320 2046 372 2073 δεῖν
391 2047 489 2083 μᾶλλον
511 2049 635 2081 σωθηναι.
651 2048 753 2081 Πόσους
776 2061 818 2078 νο·
836 2057 855 2079 Α

53 2089 135 2126 μιζεις
155 2101 237 2117 ταυτα
258 2091 430 2120 ἐσκανδάλισε
446 2092 519 2126 τότε;
536 2092 631 2125 πόσους
652 2105 735 2122 ταυτα
753 2096 818 2128 τέως

52 2134 188 2171 ἀπώλεσες
206 2136 313 2164 Μᾶλλον
335 2135 361 2164 δε
376 2135 504 2175 ἀνώτερον
526 2137 570 2165 τὸν
585 2137 661 2176 λόγον
679 2140 817 2178 ἀναγκαῖον

52 2180 167 2218 ἀγαγεῖν.
183 2182 240 2209 Οὐκ
251 2181 345 2213 εὐθέως
358 2182 458 2220 τεχῡεις
473 2185 545 2215 οὗτος
559 2186 573 2211 ὁ
592 2195 623 2212 στ
625 2185 777 2223 αυρωθεὶς,
774 2198 818 2214 με·

50 2226 182 2261 τανάστης
201 2226 299 2265 ἐγίνετο
319 2239 362 2255 και
377 2227 459 2266 φυγὰς
473 2239 516 2256 και
533 2229 599 2266 μετὰ
615 2230 758 2270 ὁλοκλήρου
772 2243 817 2266 της

51 2273 136 2305 οἰκίας
146 2273 210 2311 πρὸς
221 2272 269 2308 τὴν
284 2274 422 2313 ἀλλοτρίαν
436 2273 461 2306 ἐξ
474 2276 558 2303 αὐτῶν
575 2277 732 2315 σπαργάνων
745 2279 818 2316 ἀπῳ-

51 2317 146 2353 κίζετο,
162 2318 295 2357 διάστημα
316 2319 375 2348 ὁδοῦ
396 2323 517 2348 τοσοῦτον
532 2323 568 2353 εἷς
588 2322 720 2361 βάρίαρον
744 2324 816 2352 ἀπα-

51 2363 158 2402 γόμενος
173 2363 279 2403 χώραν;
295 2364 346 2393 Καὶ
362 2365 480 2402 αἱμάτων
497 2366 590 2404 ῥύακες
611 2369 641 2395 ἐκ
655 2370 701 2402 τ’ἠς
721 2369 816 2398 ὑποθέ-

52 2420 117 2441 σεως
133 2409 229 2445 ταύτης
249 2409 371 2450 ἐγίνοντο,
391 2411 435 2439 καὶ
451 2411 523 2449 φόνοι
538 2412 633 2447 ἄδικοι,
649 2413 694 2441 καὶ
709 2414 816 2453 σφαγαὶ,

86 2504 98 2521 b
116 2503 209 2528 Omnes
223 2504 387 2538 Manuscripti
404 2509 541 2538 κειται-[ὦκ’
553 2512 593 2534 xiv
610 2512 685 2534 πάντα
703 2511 738 2534 ἐπ’
757 2511 805 2541 ὄψιν

1529 203 1595 249 (3⁸37

882 277 953 308 sunt,
968 281 1015 300 nec
1024 273 1081 311 jam
1095 273 1130 302 ad
1149 273 1262 313 glorium
1285 273 1451 311 nominisque
1470 273 1599 313 splendo-

883 326 938 344 rem
958 317 1104 356 quidquam
1129 319 1242 347 restabat
1261 332 1266 347 :
1287 326 1344 348 tum
1365 319 1473 347 demum
1497 319 1599 348 scilicet

882 362 951 390 mala
969 362 1151 402 depelluntur,
1170 372 1195 394 ct
1215 365 1260 404 qui
1283 366 1414 394 fornacem
1433 365 1598 402 accenderat,

882 419 978 446 eosque
1004 416 1057 438 tam
1083 411 1159 449 gravi
1187 411 1320 450 supplicio
1347 411 1504 446 addixerat,
1527 410 1597 439 idem

882 460 986 481 s:mctos
998 454 1058 483 illos
1075 455 1179 494 pugiles
1191 456 1313 485 miriiicis
1327 457 1453 485 laudibus
1467 457 1554 494 effert,
1567 467 1598 485 ac

882 498 1042 528 miraculum
1061 512 1076 529 a
1097 502 1152 529 Deo
1176 501 1278 530 editum
1302 502 1441 541 proedicat,
1455 502 1597 541 literasque

881 544 981 581 ingenti
1006 545 1084 574 laude
1102 547 1210 575 refertas
1231 558 1338 585 quoquo
1363 548 1480 587 gentium
1501 548 1596 585 mittit,

880 600 909 617 ea
932 601 990 627 quae
1011 590 1163 620 acciderant
1188 604 1412 631 commemorans,
1433 601 1512 632 atque
1543 594 1596 623 fide

880 634 994 673 dignum
1013 635 1167 665 divinorum
1190 638 1379 667 miraculorum
1399 650 1547 678 praeconem
1569 650 1596 668 se

881 681 1008 719 praebens.
1024 682 1092 710 Nam
1114 683 1239 721 quoniam
1259 683 1384 713 iuimicus
1403 692 1427 713 et
1444 685 1527 713 bostis
1539 685 1595 724 ipsc

879 733 946 763 crat,
956 725 1054 755 idcirco
1065 728 1122 766 jam
1134 728 1206 767 apud
1222 728 1309 757 hostes
1323 729 1401 758 ctiam
1416 730 1450 758 ab
1466 730 1538 759 omni
1551 741 1594 759 su-

879 771 995 811 spinione
1006 780 1106 802 remota
1117 781 1201 811 erant,
1210 785 1267 813 qua:
1278 775 1472 804 scribebantur.

918 818 945 846 5.
965 818 1064 848 Vidisti
1081 819 1130 848 Dei
1143 820 1295 849 solertiam?
1311 820 1401 849 vidisti
1418 822 1593 861 sapientiam?

878 863 969 893 tidisti
990 864 1056 902 quid
1072 872 1166 904 praeter
1180 865 1319 894 hominum
1336 866 1488 905 opinionem
1504 874 1593 906 patra-

878 908 940 938 vit?
954 909 1048 939 vidisti
1058 910 1248 949 benignitatem
1264 918 1290 939 et
1303 922 1392 939 curam
1403 912 1415 940 ἱ)
1431 913 1545 941 Proinde
1561 924 1593 942 ne

877 955 1069 983 commovearis
1080 966 1110 984 ac
1121 956 1293 996 pertu1'beri5‚
1302 967 1395 985 verum
1408 968 1457 997 pro
1469 959 1593 988 omnibns

877 1000 957 1028 rebus
969 1008 1119 1030 constanter
1131 1001 1180 1041 ipsi
1194 1002 1294 1040 gratias
1304 1013 1362 1041 age,
1375 1014 1489 1041 eumque
1500 1004 1592 1041 lauda,

877 1056 951 1084 roga,
966 1046 1132 1086 supplexque
1151 1047 1276 1085 obsecr-:15
1292 1048 1394 1077 etiamsi
1417 1050 1533 1078 sexcenti
1550 1057 1593 1078 tu-

877 1089 986 1125 multus,
998 1097 1126 1119 sexcenta}
1142 1091 1352 1130 perturbationes
1364 1103 1394 1120 ac
1406 1093 1529 1131 procella:
1544 1094 1593 1122 tibi

877 1135 911 1162 ol>
921 1135 1011 1163 oculos
1020 1143 1167 1170 versentur,
1176 1136 1244 1164 nihil
1252 1143 1336 1165 tamen
1345 1137 1442 1166 horum
1453 1145 1477 1166 te
1488 1146 1591 1178 pertur-

877 1180 931 1209 bet.
948 1181 1042 1219 Neque
1056 1181 1125 1210 enim
1140 1182 1272 1210 Dominus
1286 1183 1361 1211 nobis
1375 1194 1464 1212 rerum
1475 1184 1592 1213 difficul-

878 1232 930 1254 tate
943 1227 1128 1264 antevertitnr,
1146 1227 1249 1256 etiamsi
1268 1228 1366 1266 alioqui
1387 1229 1475 1257 omnia
1496 1230 1523 1258 in
1542 1241 1590 1259 ex-

877 1279 989 1300 tremam
1009 1273 1154 1312 pernicicm
1173 1273 1299 1302 devoluta
1313 1275 1374 1304 sint.
1390 1276 1478 1304 Potest
1493 1276 1592 1316 quippe

877 1317 934 1357 ipse
946 1325 972 1346 ct
983 1319 1101 1357 jacentes
1114 1318 1239 1354 excitare,
1256 1326 1281 1347 ct
1295 1327 1410 1348 errantes
1425 1320 1450 1349 in
1466 1321 1537 1350 viam
1551 1333 1592 1350 re-

876 1373 982 1399 vocare,
997 1370 1023 1391 et
1036 1374 1080 1392 eos
1093 1363 1138 1402 qui
1151 1364 1341 1393 offendiculum
1358 1365 1428 1404 passi
1443 1374 1514 1403 suut,
1531 1378 1590 1396 cor-

877 1408 973 1447 rigere,
989 1415 1015 1437 et
1035 1419 1077 1437 eos
1097 1409 1143 1447 qui
1166 1409 1313 1438 innumeris
1337 1411 1451 1449 peccatis
1475 1414 1592 1451 cooperti

877 1461 948 1491 sunt,
963 1454 1077 1483 liberare
1097 1465 1129 1483 ac
1147 1455 1245 1494 probos
1266 1456 1385 1492 efficere,
1402 1463 1428 1484 ct
1448 1457 1592 1487 exstinctos

876 1499 930 1530 vita
955 1500 1068 1537 donare,
1085 1507 1110 1529 et
1131 1501 1163 1529 iis
1183 1512 1241 1539 quae
1259 1501 1349 1530 diruta
1368 1509 1443 1538 sunt,
1464 1504 1593 1543 majorem

876 1545 1042 1585 splendorem
1054 1554 1248 1586 comparare,et
1256 1558 1315 1586 quoe
1323 1555 1480 1577 vetustatem
1490 1558 1592 1579 contra-

876 1599 983 1629 xerunt,
995 1603 1132 1621 renovare.
1146 1593 1217 1621 Nam
1228 1604 1290 1622 cum
1304 1593 1355 1622 hoc
1366 1594 1475 1631 efficiat,
1489 1603 1517 1624 ut
1531 1608 1591 1635 quae

877 1648 927 1666 non
942 1645 1015 1666 erant
1029 1637 1160 1676 oriantur,
1177 1645 1202 1667 et
1217 1638 1248 1667 iis
1262 1650 1321 1677 quse
1336 1650 1468 1678 nusquam
1482 1642 1591 1671 omnino

876 1683 1059 1721 cernebantur,
1075 1690 1105 1712 ut
1122 1684 1183 1721 sint,
1200 1685 1302 1720 afferat,
1318 1685 1403 1713 multo
1424 1697 1486 1714 sane
1505 1688 1591 1727 magis

875 1739 904 1757 ea
922 1740 980 1767 quae
1001 1736 1073 1766 sunt,
1085 1735 1111 1757 et
1131 1740 1189 1767 quae
1208 1730 1276 1758 facta
1299 1737 1368 1767 sunt,
1382 1732 1543 1762 emendabit.
1556 1736 1591 1762 At

875 1774 953 1802 multi
964 1781 1025 1803 sunt
1039 1774 1083 1812 qui
1096 1781 1214 1814 pereant,
1228 1775 1307 1803 multi
1320 1776 1420 1813 quibus
1433 1778 1591 1807 scandalum

875 1819 1024 1848 inseratur?
1039 1819 1093 1848 Sed
1111 1819 1196 1847 multa
1215 1819 1369 1858 hujusmodi
1384 1832 1454 1860 saepe
1471 1824 1591 1862 contige-

875 1872 946 1899 runt,
959 1876 1018 1903 quae
1042 1871 1129 1893 tamen
1147 1871 1237 1903 postea
1262 1876 1331 1903 eam,
1351 1877 1431 1903 quam
1452 1878 1501 1905 par
1521 1875 1588 1905 erat,

874 1910 1033 1938 medicinam
1057 1916 1217 1947 consequuta
1238 1917 1300 1938 sunt
1317 1922 1323 1937 ε
1340 1911 1391 1938 nisi
1411 1912 1457 1949 qui
1480 1912 1591 1942 sortasse

874 1955 983 1983 mutatis
999 1955 1079 1983 etiam
1093 1955 1183 1991 rebus,
1197 1955 1224 1983 in
1247 1955 1388 1984 incurabili
1410 1958 1504 1986 morbo
1523 1970 1588 1998 per-

872 2000 994 2028 tinaciter
1009 2000 1150 2028 haeserunt.
1162 1999 1236 2034 Quid
1252 2007 1340 2028 autem
1357 2012 1387 2029 eo
1403 2003 1509 2032 nomine
1525 2015 1588 2044 per—

873 2045 1025 2073 turbatione
1036 2044 1150 2073 afficeris
1162 2045 1334 2083 animumque
1345 2045 1448 2086 dejicis,
1460 2049 1532 2086 quod
1544 2050 1590 2079 ille

873 2091 971 2129 ejectus
985 2090 1030 2127 sit,
1046 2090 1091 2118 ille
1107 2097 1197 2119 contra
1216 2090 1405 2120 introductus?
1423 2093 1546 2125 Christus
1560 2095 1587 2124 in

873 2146 979 2163 crucem
990 2135 1130 2174 agebatur,
1141 2146 1172 2165 ac
1185 2135 1322 2165 Barabbas
1336 2137 1404 2166 latro
1415 2140 1585 2177 poscebatur,

872 2187 950 2219 atque
961 2188 1118 2220 corruptum
1126 2182 1224 2220 vulgus
1232 2181 1397 2211 homicidam
1407 2185 1495 2223 potius
1506 2197 1587 2224 quam

872 2228 1041 2256 Servatorem
1052 2237 1083 2255 ac
1091 2233 1128 2255 tot
1137 2227 1329 2256 beneficiorum
1340 2236 1475 2259 auctorem
1484 2242 1587 2260 conser-

871 2271 989 2300 vandum
1004 2283 1059 2301 esse
1070 2272 1211 2301 clamabat.
1228 2273 1302 2308 Quot
1314 2273 1469 2304 hominibus
1480 2276 1536 2305 hcec
1547 2278 1587 2306 os—

870 2318 1015 2346 sensionem
1038 2318 1175 2353 attulisse,
1199 2325 1264 2356 quot
1291 2318 1446 2349 hominibus
1473 2322 1586 2352 exitium

871 2363 1004 2392 invexisse
1019 2363 1175 2392 existimas?
1193 2364 1296 2393 Verum
1315 2372 1422 2403 praestat
1439 2376 1586 2397 sermonem

870 2414 950 2443 altius
965 2420 1091 2454 repetere.
1104 2415 1145 2442 An
1161 2424 1214 2442 non
1228 2413 1260 2451 is,
1272 2414 1319 2453 qui
1332 2415 1404 2443 cruci
1420 2417 1520 2446 affixus
1534 2425 1583 2453 est,

862 2515 871 2526 Β
879 2507 994 2541 ἐξῃτεῖτο,
1003 2507 1038 2531 sic
1051 2506 1156 2532 Coislin.
1171 2512 1246 2538 recte,
1254 2513 1328 2539 atque
1338 2509 1371 2532 ita
1381 2508 1437 2541 legit
1448 2510 1584 2542 Interpres.

53 2546 273 2575 usszvai,postrema
287 2543 363 2569 verba
374 2544 397 2569 in
408 2547 475 2577 prius
484 2545 566 2571 Editis
585 2546 747 2578 variant35ed
762 2548 804 2572 ln·
832 2547 901 2571 Editi
913 2550 1011 2577 ἐξήιιετο.
1026 2546 1134 2577 Quidam
1148 2547 1207 2570 Mss-
1221 2550 1330 2577 ἐζητεῖτο-

55 2587 71 2604 ιι
82 2583 169 2613 rpretis
182 2581 254 2607 lectio
267 2591 323 2607 cum
337 2584 393 2608 Mss,
405 2590 535 2609 consonat.
