1830 2829
342 168 371 190 lx
402 168 510 198 nimi),
542 168 666 190 Palmsss
696 169 857 190 x'otzvt'l't's«

116 228 243 262 πολἸοὶκις
267 241 311 258 και
327 229 381 268 μὴ
378 229 532 267 βουλόμενον
554 230 597 258 τὸν
613 230 714 270 πατέρα
727 230 813 260 ἔπεισε
826 231 886 259 Eoo<

115 287 158 302 ναι
181 275 227 310 τὴν
243 274 320 313 χάριν
334 274 376 303 διὰ
395 275 424 304 τὸ
440 274 503 314 πρὸς
517 275 546 303 τὸ
562 275 643 312 ὄνομα
666 276 781 315 φίλτρον,
797 277 886 304 ποἸλι)

116 321 215 357 μᾶλλον
243 320 286 348 ἐπὶ
311 332 339 348 τι
340 333 362 348 w
386 320 466 359 ἁγίων
487 321 639 359 συαῧαίνειν
655 325 731 350 τοῦτο
757 322 823 354 εἷκος
846 325 887 356 ἠν.

892 169 930 189 ier
959 168 999 188 me

1600 157 1656 192 101

943 239 1004 257 eum
1019 228 1165 257 conabatur
1189 228 1303 265 efficere,
1323 229 1370 266 qui
1386 240 1433 267 pru
1449 230 1577 258 Onesimo
1600 242 1665 270 sup-

943 274 1073 313 plicabat,
1093 274 1227 311 vinctum,
1242 284 1340 310 senem,
1357 274 1480 303 Paulum.
1500 275 1583 303 Vides
1604 277 1662 315 ipsa

943 319 1053 348 seorsim
1068 319 1174 347 nomina
1188 319 1338 347 veneranda
1353 330 1409 347 esse
1430 319 1558 348 fidelibus
1574 332 1603 349 ac
1623 332 1663 349 re-

1030 167 1153 188 Mb'l‘k'l‘.
1194 167 1313 188 50³1th
1325 168 1359 188 31.
1392 168 1438 190 IV.

114 366 178 394 “Ort
200 365 226 393 δὲ
245 366 288 394 καὶ
313 370 366 399 τοῖς
392 366 572 405 ἁμαρτάνουσι
588 367 650 405 φοῧε
656 366 687 406 ρὰ
711 370 753 402 ἠν,
769 364 1182 407 καθάπερ13,1ἰςίοεειῖ’ὃίοηίιη
1194 364 1286 393 dilecti
1303 364 1378 393 filioli
1393 376 1487 393 nomen
1504 374 1664 405 usurpatum

114 411 228 443 παιδίοις
254 414 398 451 ῥᾳθυμοῦσι
424 412 456 440 τὰ
487 415 538 441 τῶν
565 414 729 442 διδασκάλων
757 414 889 451 ὀνόματα,

115 457 225 486 ἄκουσον
249 460 304 490 πῶς
321 458 453 491 Γαλάταις
476 459 635 487 ἐπιστέλλων
651 460 712 488 αὐτὸ
735 463 810 488 τοῦτο
831 458 887 496 ’ᾐνί-

116 502 186 536 ξατο.
202 502 313 539 Ἐπειδὴ
330 503 381 544 γὰρ
400 506 436 537 εἰς
459 505 592 534 ἀσθένειαν
609 505 750 533 ἀπέκλιναν
775 504 889 533 Ἰουδαϊ-

116 547 175 584 κὴν,
199 549 243 577 καὶ
266 549 326 588 περὶ
345 550 391 585 τὴν
415 550 504 578 πίστιν
520 550 599 584 αὐτὴν
615 550 784 585 ἐκινδύνευον,
801 549 891 588 βουλό-

117 605 193 631 μενος
211 594 303 627 αὐτοὺς
325 596 471 630 ἀναστῆσαι
489 596 533 624 καὶ
549 601 638 624 πεῖσαι
653 595 734 633 μηδὲν
748 595 890 624 Ἰουδαϊκὸν

117 640 265 678 ἐπεισάγειν
292 643 324 678 τῇ
353 645 398 670 τοῦ
431 641 580 680 εὐαγγελίου
612 640 783 680 διδασκαλία,
811 640 891 672 οὕτως

118 685 228 723 ἔγραφεν
242 697 247 702 ·

113 729 262 767 τέμνησθε,
294 731 407 769 Χριστὸς
434 733 502 769 ὑμᾶς
527 731 598 760 οὐδὲν
625 731 764 770 ὠφελήσει.
795 727 888 768 liii-rec,

264 685 314 714 Ἰδὲ
339 685 389 724 ἐγὼ
405 687 509 719 Παῦλος
522 686 591 724 λέγω
606 688 676 724 ὑμῖν,
697 686 738 715 ὅτι
759 687 803 714 ε’ὰν
816 698 889 725 περι-

112 776 200 815 Ἰῧγὼ·
225 777 293 810 τίνος
307 777 392 806 ἕνεκεν
419 778 567 815 προστιθεὶς
594 778 623 807 τὸ
647 778 749 816 ὄνομα,
774 778 803 806 τὸ
818 778 868 817 γὰρ
880 801 888 814 ,

113 822 201 861 Ἐγὼ,
225 825 272 851 οὐκ
289 819 319 858 ἦν
343 824 430 853 ἱκανὸν
449 825 567 859 δηλῶσαι
584 826 627 854 τὸν
647 825 798 864 γράφοντα;
818 825 887 853 Ἀλλ’

111 868 153 897 ἵνα
178 869 263 907 μάθῃς
285 869 327 898 ὅτι
350 870 394 898 καὶ
415 870 479 905 αὐτὴ
499 873 514 905 ἡ
531 875 575 900 τοῦ
591 871 718 910 ὀνόματος
733 871 885 910 παρενθήκη

111 914 187 950 ἱκανὴ
203 916 254 943 τῶν
276 915 420 944 ἀκουόντων
444 917 629 956 καθάψασθαι,
647 917 690 945 διὰ
711 919 789 945 τοῦτο
803 928 886 955 προσ-

110 959 198 996 τίθησι
220 960 267 996 τὴν
289 961 475 1001 προσηγορίαν,
492 964 526 994 εἷς
549 963 697 1001 ὑπόμνησιν
712 962 802 995 αὐτοὺς
815 963 885 1001 ἄγων

111 1017 155 1035 του
171 1006 338 1036 διδασκαλου.
364 1007 415 1036 Και
438 1009 544 1045 ἡμεῖς
530 1008 556 1037 οὲ
571 1020 600 1037 το
615 1009 679 1037 αὐτὸ
691 1011 788 1037 τοῦτο
780 1008 884 1047 πάσχο-

114 1063 175 1089 μεν·
188 1051 249 1080 ὅταν
264 1052 315 1092 γαρ
332 1054 540 1090 ἀναμνησθῶμεν
556 1066 608 1082 των
623 1054 713 1092 ἁγίων,
730 1054 778 1082 κᾶν
793 1056 819 1082 ἐν
836 1057 884 1094 ῥακ

112 1096 192 1136 θυμία
206 1099 288 1135 ὠμεν,
302 1098 455 1135 διανιστάςει.
459 1101 500 1133 θα,
511 1099 559 1127 κᾶν
573 1101 599 1127 ἐν
614 1100 823 1138 καταφρονήσει,
840 1111 885 1138 φο-

112 1141 236 1180 ὅούμεθα.
248 1144 353 1171 Παυλον
361 1146 422 1181 γοῧν
433 1155 475 1172 τον
485 1143 653 1172 ἀπόστολον’
639 1156 699 1172 οταν
707 1144 811 1173 ἀκούσω
822 1144 883 1182 ἐγι),

115 1189 192 1216 ἐννοῶ
215 1187 258 1216 τὸν
281 1189 306 1216 ἐν
330 1188 447 1226 θλίψεσι,
470 1188 514 1217 τὸν
536 1191 562 1217 ἐν
578 1189 782 1228 στενοχωρίαις,
799 1190 842 1218 τὸν
857 1192 882 1218 ἐν

113 1234 240 1272 πληγαῖς,
252 1233 295 1262 τὸν
304 1235 329 1262 ἐν
339 1235 467 1273 φυλακαῖς
475 1258 482 1271 ,
493 1235 536 1264 τὸν
551 1237 576 1264 ἐν
588 1237 625 1274 τῷ
638 1237 707 1274 βυθῷ
719 1236 882 1275 νυχθήμερον

112 1278 258 1317 γενόμενον,
271 1279 313 1308 τὸν
335 1281 370 1311 εἷς
386 1280 472 1319 τρίτον
490 1281 642 1320 ἁρπαγέντα
657 1282 775 1321 οὐρανὸν,
797 1282 841 1310 τὸν
856 1284 881 1311 ἐν

113 1335 151 1352 τι)
160 1324 351 1363 παραδείσωτὰ
361 1325 461 1364 ἄῤῥητα
473 1326 600 1381 ῥήματα’
589 1326 745 1362 ακούσαντα,
757 1328 786 1356 τὸ
793 1331 883 1360 σκεῦος

112 1381 159 1405 της
172 1371 294 1408 ε’κλογης,
306 1370 348 1399 τὸν
341 1372 534 1425 νυμφαγωγὸν
547 1375 591 1400 του
606 1373 736 1412 Χριστοῦ,
751 1384 794 1401 τον
810 1385 850 1407 ευς
853 1386 882 1402 α-

114 1427 188 1453 μενον
202 1415 318 1454 ἀνάθεμα
332 1419 397 1445 εἶναι
412 1416 464 1445 ἀπὸ
478 1421 522 1446 τοῦ
535 1419 674 1457 Χριστου<
665 1419 731 1457 υπὲρ
744 1422 796 1448 τῶν
808 1420 881 1448 ἀδελ-

113 1463 176 1499 φῶν.
185 1444 362 1501 Καὶκαθοίπερ
374 1474 447 1502 σειρα
455 1475 596 1502 τιςγρυση,
605 1466 656 1492 τῶν
669 1465 880 1504 κατορθωματιΝ

113 1509 127 1534 ὁ
140 1507 252 1544 ὁρμαθὸς
275 1506 341 1544 μετὰ
361 1509 408 1542 τῆς
423 1511 467 1537 τοῦ
489 1509 614 1546 ὀνόματος
628 1510 734 1547 μνήμης
746 1515 800 1542 τοῖς
814 1510 881 1548 μετὰ

115 1552 248 1591 ἀκριὸείας
271 1553 442 1592 προσέχουσιν
466 1554 660 1594 ἐπεισέρχεται·
675 1556 720 1585 καὶ
744 1557 772 1586 οὖ
788 1557 881 1596 μικρὸν

113 1600 176 1636 ἡμῖν
194 1598 245 1627 ἀπὸ
260 1598 351 1628 τούτου
367 1599 466 1638 γίνεται
483 1600 581 1640 κέρδος.

152 1914 231 1949 Ἔνῆν
245 1915 290 1944 καὶ
300 1915 407 1944 πλείονα
422 1916 519 1945 τούτων
534 1919 569 1950 εἷς
581 1917 628 1952 τὴν
645 1918 823 1958 προσηγορίαν
838 1921 876 1948 εἷ-

110 1964 168 1988 πεῖν
180 1972 186 1977 ·
203 1961 260 1989 ἀλλ’
282 1960 324 1989 ἵνα
348 1961 392 1989 καὶ
409 1963 457 1996 τῆς
471 1963 591 2002 δευτέρας
614 1963 742 2001 ἁψώμεθα
765 1964 857 1997 λέξεως
869 1987 876 1999 ,

111 2006 221 2034 ἐνταῦθα
234 2005 281 2041 τὴν
297 2006 356 2044 περὶ
378 2011 423 2035 τοῦ
447 2007 573 2045 ὀνόματος
589 2008 688 2042 στήσας
703 2009 821 2048 θεωρίαν,
836 2011 877 2038 ἐπ’

111 2049 211 2084 ἐκείνην
235 2051 373 2089 βαδιοῧμεν
399 2052 497 2080 λοιπόν.
519 2052 624 2091 “sse-nep
648 2053 699 2091 γὰρ
720 2053 749 2081 τὸ
775 2055 879 2087 Παῦλος

109 2095 192 2132 ὄνομα
213 2096 312 2131 πολλὴν
334 2097 466 2136 παρέσχεν
480 2099 543 2135 ἡμῖν
555 2098 689 2137 εὐπορίαν,
704 2098 772 2127 οὕτω
787 2100 832 2128 καὶ
849 2100 879 2128 τὸ

109 2141 230 2176 Κλητὸς,
254 2143 276 2170 εἷ
292 2142 481 2180 βουληθείημεν
495 2143 558 2172 αὐτὸ
573 2146 733 2180 καταμαθεῖν
749 2145 815 2182 μετὰ
831 2147 877 2180 τ’ἧς

109 2187 293 2225 προσηκούσης
307 2188 435 2223 σπουδῆς,
449 2189 496 2222 τῆς
510 2187 568 2223 ἴσης
589 2188 606 2222 ἢ
629 2188 674 2216 καὶ
692 2188 811 2221 πλείονος
830 2190 878 2227 ἐμ-

108 2233 218 2268 πλήσειε
239 2233 346 2271 θεωρίας
368 2235 446 2271 ἡμᾶς.
464 2233 514 2262 Καὶ
529 2233 647 2273 καθάπερ
670 2234 722 2263 ἀπο
736 2234 874 2272 κόσμου,ἢ

908 416 925 437 Λ
943 421 1012 448 saepe
1027 409 1069 439 vel
1082 409 1199 438 invitum
1215 417 1350 449 parentem
1363 410 1397 439 ad
1411 411 1602 440 conserendum
1615 412 1664 440 be-

944 456 1068 484 ncficium
1084 456 1187 484 inflexit
1198 456 1232 484 ob
1244 456 1360 485 nominis
1369 468 1498 493 amorem,
1513 458 1601 486 mullo
1611 469 1664 486 ma-

944 501 985 539 gis
998 501 1023 529 in
1039 501 1137 529 sanetis
1160 501 1189 530 id
1211 501 1310 530 habere
1333 501 1421 530 locum
1441 502 1562 531 decebat.
1579 504 1663 532 Porro

944 547 1127 575 formidabilia
1142 558 1248 585 quoque
1259 548 1444 586 peccatoribus
1457 559 1522 584 esse,
1536 548 1664 587 quemad-

945 592 1055 621 modum
1078 592 1163 632 pigris
1184 592 1304 631 puerulis
1330 593 1437 621 nomina
1461 593 1661 631 magistrorum,
1674 600 1710 620 da.

944 638 1007 667 audi
1021 650 1074 677 quo
1086 646 1162 678 pacto
1178 639 1280 667 Paulus
1294 639 1413 668 scribens
1425 639 1458 668 ad
1475 639 1586 669 Galatas
1600 641 1665 669 sub-

944 683 1079 712 indicarit.
1092 685 1161 713 Nam
1176 684 1303 723 quoniam
1314 684 1350 713 ad
1362 684 1504 715 Judaicam
1521 685 1664 715 infirmita-

943 737 998 758 tem
1012 730 1188 767 declinarant,
1207 737 1232 759 et
1246 730 1279 759 dc
1292 730 1349 770 ipsa
1366 730 1418 759 fide
1429 731 1662 770 periclitabantur,

943 786 1004 804 cum
1019 776 1079 804 illos
1094 776 1174 805 vellet
1188 776 1290 815 erigere
1303 787 1333 804 ae
1344 776 1398 804 illis
1411 776 1581 816 persuadere,
1595 785 1623 806 ut
1635 778 1663 806 in

943 822 1125 860 evangelicam
1137 822 1287 850 doctrinam
1301 822 1369 852 nihil
1382 822 1527 852 Judaicum
1540 823 1662 852 introdu-

942 874 1039 903 cerent,
1055 867 1091 895 ita
1107 867 1227 906 scripsit:
1239 869 1316 897 Ecce
1330 879 1381 907 ego
1397 869 1510 897 Paulus
1528 870 1592 897 dico
1605 880 1660 898 vo*

941 913 993 947 bis,
1008 915 1147 952 quoniam
1157 915 1182 941 si
1192 915 1455 951 circumcidamini,
1470 915 1602 943 Christus
1612 926 1662 943 vo-

906 971 921 992 B
941 958 982 985 bis
996 958 1073 986 nihil
1085 959 1226 996 proderit.
1243 958 1363 995 Dixisti,
1375 960 1456 997 Ego:
1468 970 1516 987 eur
1532 959 1662 989 addidisti

940 1004 1057 1032 nomen?
1078 1015 1130 1032 non
1159 1005 1243 1043 igitur
1266 1004 1344 1039 illud,
1362 1006 1437 1044 Ego,
1454 1006 1604 1035 sufficiebat
1627 1008 1661 1035 ad

940 1060 1001 1078 eum
1025 1049 1202 1079 indicandum
1231 1051 1277 1089 qui
1299 1051 1454 1080 scribebat?
1471 1053 1507 1081 Ut
1531 1053 1661 1082 nimirum

938 1094 1026 1123 discas
1039 1097 1128 1134 ipsum
1139 1096 1255 1125 nominis
1270 1097 1483 1126 additamentum
1495 1098 1528 1126 ad
1542 1110 1659 1128 eommo-

939 1140 1038 1169 vendes
1055 1141 1212 1170 auditorum
1235 1142 1339 1171 animos
1359 1144 1505 1181 suffecisse,
1519 1152 1659 1184 propterea

939 1195 1033 1213 nomen
1055 1186 1143 1224 addit,
1159 1194 1189 1215 ut
1203 1187 1240 1215 eis
1255 1188 1413 1216 memoriam
1428 1189 1534 1218 refricet
1558 1201 1657 1228 praeee-

937 1231 1032 1270 ptoris.
1048 1232 1122 1261 Idem
1142 1244 1250 1271 quoque
1279 1234 1356 1262 nobis
1386 1234 1572 1263 accidit2cum
1586 1236 1658 1265 enim

938 1278 1015 1306 nobis
1045 1278 1072 1306 in
1101 1279 1259 1307 memoriam
1297 1280 1379 1308 sancti
1417 1288 1587 1319 revocantur,
1616 1290 1659 1310 ta-

938 1322 1015 1351 metsi
1041 1323 1145 1352 desidia
1180 1324 1373 1363 torpescimus,
1398 1325 1568 1364 excitamur,
1595 1327 1659 1356 lieet

937 1376 1147 1406 contemnamus,
1161 1376 1302 1398 terremur.
1322 1371 1439 1399 Paulum
1453 1371 1562 1409 quidem
1587 1380 1658 1402 certe

937 1415 1089 1454 apostolum
1102 1426 1162 1443 eum
1175 1415 1268 1451 audio,
1285 1416 1374 1445 animo
1385 1417 1489 1445 intueor
1504 1418 1594 1456 illum,
1612 1420 1659 1457 qui

937 1460 963 1488 in
985 1461 1206 1489 tribulationibus
1227 1461 1395 1497 versabatur,
1421 1462 1447 1490 in
1467 1464 1606 1501 angustiis,
1630 1465 1657 1493 in

900 1520 918 1544 C
936 1506 1037 1545 plagis,
1053 1506 1080 1534 in
1096 1507 1257 1542 carceribus,
1274 1507 1320 1545 qui
1336 1507 1416 1536 unius
1441 1508 1496 1537 diei
1521 1510 1659 1548 noctisque

936 1552 1021 1591 spatio
1036 1552 1063 1580 in
1083 1552 1218 1591 profundo
1241 1553 1323 1581 maris
1345 1553 1406 1589 fuit,
1432 1554 1477 1591 qui
1492 1555 1600 1584 tertium
1615 1567 1658 1585 ra-

935 1604 998 1637 ptus
1010 1598 1037 1626 in
1046 1598 1142 1627 caelum
1152 1598 1213 1635 fuit,
1225 1598 1270 1636 qui
1285 1598 1310 1626 in
1323 1598 1446 1638 paradiso
1460 1599 1540 1628 verba
1552 1600 1659 1630 audivit

934 1654 1042 1681 areana,
1067 1655 1115 1673 vas
1131 1644 1278 1682 electionis,
1301 1644 1401 1673 Christi
1423 1647 1656 1686 paranymphum,

935 1690 982 1728 qui
993 1701 1008 1718 a
1023 1689 1132 1719 Christo
1144 1690 1284 1719 anathema
1299 1701 1355 1719 esse
1369 1701 1417 1730 pro
1432 1691 1561 1721 fratribus
1581 1699 1657 1732 opta-

934 1735 983 1764 vit.
997 1736 1090 1774 Itaque
1101 1742 1240 1774 tamquam
1254 1747 1334 1764 aurea
1345 1736 1469 1774 quaedam
1484 1745 1574 1766 catena
1587 1745 1657 1767 recte

933 1781 1064 1810 sactorum
1088 1782 1166 1810 turba
1189 1792 1250 1810 cum
1266 1782 1381 1811 nominis
1396 1783 1524 1812 memoria
1539 1795 1593 1813 sese
1609 1785 1654 1813 in-

933 1828 1002 1866 gerit
1019 1827 1061 1865 iis,
1083 1828 1130 1866 qui
1149 1828 1293 1867 diligenter
1315 1829 1579 1869 attenderintmeque
1600 1842 1655 1859 nie-

933 1873 1025 1902 diocre
1039 1873 1101 1902 inde
1116 1874 1224 1902 lucrum
1240 1874 1402 1914 decerpitur.

973 1921 1001 1948 4.
1028 1920 1211 1948 potuissemus
1226 1919 1269 1948 his
1289 1920 1368 1948 etiam
1391 1921 1469 1959 plura
1492 1921 1526 1949 de
1547 1923 1655 1952 nomine

933 1964 1092 1993 dicere:sed
1107 1971 1137 1993 ut
1162 1965 1306 1993 secundam
1326 1976 1433 2003 quoque
1455 1965 1598 1996 dictionem
1613 1976 1653 1998 at-

933 2010 1078 2048 tingamuS,
1092 2010 1137 2037 hic
1151 2010 1228 2038 finita
1243 2009 1276 2038 de
1291 2011 1398 2039 nomine
1418 2013 1650 2065 contemplatione,

931 2054 1055 2094 deinceps
1079 2054 1193 2093 gradum
1216 2055 1251 2083 ad
1274 2055 1348 2084 illam
1371 2056 1506 2086 faciemus.
1519 2060 1556 2087 Ut
1580 2061 1651 2090 enim
1662 2074 1804 2096 Deffiffiffl„

931 2110 1037 2136 nomen,
1060 2101 1183 2136 Paulus,
1198 2101 1314 2129 multum
1332 2101 1408 2130 nobis
1430 2102 1498 2132 lueri
1512 2115 1650 2155 compara-
1665 2105 1784 2165 '‘mm‘'

1660 2144 1717 2157 nunc
1733 2146 1749 2157 d
1760 2146 1765 2156 Ι

931 2146 981 2181 vit,
994 2146 1030 2174 ita
1043 2152 1067 2174 et
1084 2146 1155 2175 illud
1175 2148 1311 2182 Vocatus,
1327 2147 1349 2175 si
1371 2158 1439 2177 com
1442 2150 1539 2178 enienti
1560 2152 1649 2181 studio

930 2191 1046 2220 velimus
1067 2191 1138 2220 illud
1161 2191 1301 2230 indagare,
1317 2202 1370 2221 non
1386 2194 1485 2223 minori
1501 2195 1542 2224 tel
1567 2197 1648 2226 etiam

931 2235 1025 2274 majori
1036 2245 1083 2264 nos
1098 2236 1324 2276 contemplatione
1338 2237 1494 2277 complebit.
1511 2240 1547 2268 Et
1555 2251 1648 2279 quem-

109 2278 268 2316 διαδήματος
295 2279 430 2316 βασιλικοῦ
453 2278 547 2307 λιθον“
539 2278 583 2307 ε’να
609 2291 648 2312 τις
662 2279 763 2316 ἒξελων,
779 2292 823 2308 και
837 2282 874 2309 οἷ-
893 2289 912 2312 D
930 2281 1076 2310 admodum
1086 2281 1109 2310 si
1123 2281 1184 2320 quis
1194 2293 1227 2311 ex
1239 2282 1341 2311 mundo
1355 2294 1436 2313 auleo
1447 2285 1489 2313 vel
1503 2286 1575 2324 regio
1589 2286 1647 2315 dia-

109 2322 166 2356 κίας
188 2324 314 2362 λαμπρὰς
339 2335 384 2352 και
399 2325 548 2356 πολυτελεῖς
573 2324 680 2364 ἇγρους,
710 2324 754 2353 καὶ
768 2327 875 2354 οἰκετῶν

110 2369 217 2406 ἀγέλας,
241 2381 286 2398 και
302 2369 379 2408 ἕτερα
404 2371 494 2398 πολλι)
509 2369 615 2399 πλείονα
637 2370 733 2399 τούτων
750 2371 877 2410 πρίασθαι

111 2414 206 2443 δύναιτ’
239 2414 279 2450 ἂν,
309 2415 352 2443 τὸν
381 2415 546 2453 μαργαρίτην
575 2416 734 2453 ἀποδόμενος
760 2418 855 2446 ἐκεῖνον
870 2430 875 2435 ·

110 2461 177 2488 οῧτω
193 2460 223 2495 δὴ
243 2460 288 2488 καὶ
299 2460 342 2488 ἐπὶ
353 2462 405 2488 τῶν
417 2461 491 2489 θείων
505 2461 642 2499 ῥημάτων,
656 2462 686 2489 ἂν
701 2467 764 2500 μιᾶς
779 2463 877 2502 ῥήσεως

111 2506 207 2534 ἔννοιαν
220 2505 364 2538 ἀναπτύξαι
378 2506 502 2545 θελήσῃς,
514 2507 614 2542 πολλήν
629 2519 670 2536 σοι
682 2508 787 2546 παρέξει
800 2521 877 2538 πνευ-

113 2552 224 2588 ματικῆς
250 2551 369 2589 εὐπορίας
383 2551 514 2588 ὑπόθεσιν,
531 2553 576 2581 οὐκ
592 2553 685 2590 οἰκίας,
704 2554 760 2582 οὐδὲ
783 2555 877 2593 ἀνδρά-

930 2327 1034 2356 demate
1047 2327 1171 2366 lapillum
1187 2338 1272 2356 unum
1287 2329 1398 2365 eximat,
1414 2336 1439 2358 et
1453 2329 1546 2359 domos
1560 2332 1647 2371 splen-

930 2372 1008 2401 didas
1034 2379 1059 2401 et
1087 2383 1165 2412 agros
1195 2374 1287 2412 magni
1310 2374 1404 2413 pretii,
1430 2386 1461 2404 ac
1484 2376 1646 2406 famulorum

931 2429 1023 2458 greges
1034 2418 1138 2456 aliaque
1147 2418 1232 2447 multo
1243 2419 1286 2448 his
1298 2420 1398 2459 majora
1411 2431 1529 2450 coemere
1538 2423 1646 2461 poterit,

931 2465 977 2493 illa
988 2468 1133 2503 margarita
1149 2464 1300 2494 divendita:
1312 2465 1348 2493 ita
1362 2477 1468 2505 quoque
1482 2467 1527 2496 fiet
1542 2469 1569 2496 in
1582 2480 1644 2497 ver-

931 2510 973 2538 bis
989 2510 1070 2538 sacris
1081 2522 1086 2537 :
1098 2510 1120 2538 si
1137 2510 1216 2538 unius
1231 2510 1356 2539 dictionis
1371 2522 1476 2540 sensum
1494 2513 1558 2541 velis
1569 2514 1643 2541 evol-

933 2567 1005 2593 vere,
1015 2556 1127 2585 multam
1142 2556 1288 2595 spiritualis
1303 2557 1352 2585 tibi
1376 2565 1491 2595 quaestus
1506 2559 1644 2588 materiam

1691 507 1813 535 l‘rmerpto-

1675 545 1722 558 rum
1744 547 1815 558 numl-

1675 577 1700 589 na
1711 577 1815 590 veneran-

1676 879 1731 899 Gal.
1743 877 1796 900 52,
