1843 2810
63 1432 147 1459 Scripta
168 1438 205 1450 an-

124 1463 205 1484 tltuisti

64 1493 117 1521 392).

64 1607 151 1627 ''ssslrs-
169 1613 186 1627 ¹·
216 1612 309 1634 tunum
316 1612 353 1633 est
361 1605 450 1634 dicere
460 1617 465 1632 :
477 1604 601 1632 Vanttas
609 1603 822 1638 vanitat1un‚et
831 1603 930 1629 υηιιιιίι

77 1698 149 1725 Qu³¹¹¹
163 1699 202 1718 ¹¹¹¹·
213 1697 282 1726 dor?
298 1697 345 1725 ubi
359 1696 478 1725 illustres
492 1695 546 1723 iltae
558 1694 648 1723 faces?
661 1694 707 1722 ubi
716 1694 861 1733 applausus
871 1694 924 1730 illi,

76 1739 92 1749 η’
107 1737 139 1748 [PR

59 1738 95 1788 ἷιιι,
107 1761 161 1781 vitm.

218 185 289 230 454

219 268 302 296 genus
325 268 376 287 non
398 259 549 298 expolitum
572 267 623 295 est,
645 258 691 288 sed
706 260 849 299 strigosum
873 266 897 288 et
919 259 1069 287 intricatum
1083 271 1090 287 t
1104 259 1170 288 ordo
1193 258 1381 287 sententiarum
1402 258 1562 297 interceptus
1572 257 1750 297 plerumque:

220 305 395 333 interturbata
411 307 500 341 series,
517 313 546 334 ut
560 306 605 334 vix
620 306 708 345 capias
718 317 770 344 qua
784 305 818 333 de
831 316 909 333 causa
922 305 955 333 ab
980 305 1030 333 hoc
1043 311 1199 343 argumento
1215 305 1242 332 in
1257 303 1327 332 illud
1340 310 1465 332 transeat.
1481 303 1602 341 Denique
1612 314 1659 342 per
1672 311 1752 333 totam

221 350 360 378 homiliam
370 351 462 379 >multa
476 350 584 379 videtur
596 352 681 379 infusa
696 351 882 390 peregrinitas.
898 350 947 379 His
960 350 1033 378 baud
1049 349 1131 378 dubie
1144 357 1278 389 permotus
1292 349 1480 378 Tillemontius
1492 349 1596 388 putavit
1609 349 1752 379 secundam

220 402 321 434 partem
336 395 382 424 ubi
408 395 441 424 de
465 396 590 425 Ecclesia:
615 398 715 435 nuptiis
730 397 828 435 agitur,
844 395 968 424 alicunde
990 402 1141 434 excerptam
1157 395 1240 434 priori
1255 394 1289 423 de
1309 394 1441 433 Eutropio
1461 401 1577 422 assutam
1593 395 1688 427 fuissc;
1705 405 1753 423 nec

220 441 332 470 obscure
346 442 434 471 innuit
453 441 576 471 dubitare
601 454 628 471 se
642 454 673 471 an
689 443 735 471 illa
750 454 811 482 pars
838 443 968 482 posterior
991 442 1025 469 sit
1038 440 1232 479 Chrysostomi‚
1244 447 1346 469 tantum
1365 440 1465 469 scilicet
1477 440 1620 468 abhorrere
1644 439 1752 468 videtur

220 487 254 515 ab
268 487 343 515 illius
357 487 463 516 dicendi
481 498 582 527 genere.
596 490 697 517 Verum
712 489 734 517 si
748 489 807 526 quis
822 490 937 528 priorem
951 498 1011 516 cum
1022 486 1168 526 posteriore
1180 492 1254 524 parte
1267 486 1360 514 sedulo
1378 486 1504 521 conserat,
1518 486 1637 523 utriusqe
1652 485 1753 524 stylum

221 544 236 561 a
247 540 371 561 consueto
385 533 570 572 Chrysostomi
584 533 689 562 dicendi
704 544 797 573 genere
810 534 887 573 longe
905 533 1041 562 diversum
1056 531 1130 560 haud
1143 531 1225 559 dubie
1238 530 1418 570 deprehendet
1430 543 1436 558 :
1452 531 1496 560 sed
1513 531 1627 570 primam
1650 538 1753 569 partem

221 578 343 607 secundae
357 579 406 607 hac
421 579 446 607 in
462 590 490 607 re
501 580 608 608 omnino
621 580 746 615 similem,
759 580 785 608 ni
801 590 857 608 mea
872 590 913 608 me
925 579 993 607 fallit
1005 577 1258 616 opini0‚judicabit.
1270 576 1350 613 Quod
1362 587 1414 605 non
1424 587 1454 605 eo
1465 587 1480 605 a
1495 588 1536 606 me
1549 577 1653 606 dictum
1663 576 1751 606 animo

220 624 366 658 existimes,
382 632 411 653 ut
427 632 507 654 totam
531 626 671 654 homiliam
690 625 869 664 Chrysotomo
889 623 1037 663 abjudicari
1062 623 1155 652 velim.
1172 624 1232 652 Non
1253 623 1323 651 enim
1345 622 1445 660 ubique
1459 624 1500 651 sui
1523 623 1619 651 similis
1640 623 1687 651 itte
1700 630 1750 659 est,

220 667 293 705 quod
306 668 332 696 in
345 668 405 696 aliis
415 670 526 697 summis
541 669 617 705 viris,
633 669 783 698 oratoribus
795 669 919 705 maxime,
932 671 1030 708 passim
1043 669 1209 698 observatur.
1225 670 1301 698 Certe
1312 669 1454 697 nonnullas
1464 669 1519 707 jam
1533 668 1651 697 vidimus
1665 669 1752 697 homi-

220 712 280 748 lias,
293 723 358 750 quas
376 713 560 753 Chrysostomi
575 725 630 743 esse
643 715 689 743 vix
705 714 830 743 dubitare
841 715 912 751 licet,
927 715 973 744 ubi
986 715 1085 744 mirum
1100 721 1228 753 quantum
1242 725 1256 743 a
1271 721 1394 742 consueto
1408 714 1471 753 styli
1484 724 1577 753 genere
1588 713 1709 742 deflectat
1720 715 1749 744 S.

218 757 321 786 doctor.
336 760 366 786 In
383 759 430 787 hac
440 767 527 787 autem
542 760 666 788 concione
681 760 766 788 multo
781 760 869 788 minus
879 760 956 789 liceat
970 761 1068 793 νοθείας
1079 761 1256 798 suspicionem
1265 760 1414 789 admittere.
1429 761 1498 789 Nam
1512 760 1559 788 itta
1574 771 1632 798 quae
1648 760 1681 788 de
1691 760 1748 789 Eu-

220 803 308 842 tropio
327 805 449 832 eunucho
459 805 608 842 frequenter
619 805 756 840 dicuntur,
766 815 817 833 non
835 806 929 840 alium,
949 817 1028 844 quam
1037 807 1256 846 Chrysostomum
1268 813 1402 835 auctorem
1411 806 1509 835 habere
1522 817 1596 845 posse
1613 806 1748 835 videntur.

219 849 256 878 Et
276 849 396 887 alioquin
419 849 445 877 in
460 850 570 878 homilia
585 850 710 886 secunda,
729 850 836 879 modico
850 858 907 889 post
922 852 1039 890 priorem
1052 860 1170 892 tempore
1181 852 1284 885 habita,
1295 859 1382 891 aperte
1393 852 1510 880 declarat
1521 862 1548 880 se
1561 862 1647 891 nuper
1666 852 1750 880 multa

220 901 310 923 contra
328 894 425 924 divites
439 895 601 933 divitiasque
617 895 729 931 dixisse,
745 896 779 924 ita
791 903 819 924 ut
837 896 886 925 hac
897 896 931 925 de
944 907 1022 926 causa
1039 898 1066 926 in
1079 898 1226 926 multorum
1241 898 1413 926 offensionem
1432 898 1588 933 incurreret,
1605 897 1679 936 quod
1689 908 1751 926 cum

220 939 267 967 illa
277 940 360 979 priori
376 940 486 969 homilia
500 942 535 969 ita
546 942 679 978 convenit,
696 948 724 970 ut
738 941 864 970 dubitare
874 952 926 970 non
938 942 1025 980 liceat,
1041 943 1171 981 quinhaec
1186 943 1243 982 ipsa
1256 943 1376 982 ihiprior
1387 950 1619 972 commemoretur.
1636 942 1708 973 Vide
1723 943 1749 971 in

219 985 329 1014 homilia
345 987 433 1026 priore
456 997 595 1016 numerum
606 990 636 1016 9.

258 1032 359 1060 Prioris
372 1032 488 1061 homiliae
505 1033 748 1072 interpretationem
765 1033 886 1062 Latinam
902 1044 915 1061 a
933 1034 1105 1073 Sigismundo
1119 1034 1231 1063 Gelenio
1247 1034 1356 1071 editam,
1371 1035 1418 1063 sed
1433 1035 1535 1073 aliquot
1547 1035 1573 1063 in
1583 1035 1647 1063 locis
1658 1044 1749 1063 emcn-

218 1077 307 1105 datam
319 1088 333 1106 e
352 1078 458 1116 regione
479 1079 566 1108 Graeci
578 1086 666 1107 textus
678 1078 822 1107 edidimus.
837 1079 993 1108 Posterioris
1008 1087 1097 1109 autem
1116 1090 1212 1109 novam
1226 1081 1392 1120 paravimus,
1407 1081 1468 1119 quia
1484 1081 1540 1118 itta,
1556 1091 1637 1119 quam
1658 1080 1748 1109 Gode-

218 1122 303 1151 fridus
311 1123 470 1153 Tilmannus
484 1124 614 1161 ediderat,
630 1125 803 1165 paraphrasin
819 1125 927 1154 omnino
945 1126 1074 1165 sapiebat.

543 197 572 221 S.
601 197 741 221 JOANNIS
768 197 950 220 CHRYSOST.
981 197 1134 219 anctum).
1163 195 1432 219 CONSTANTtNOP.

492 1331 523 1359 ΙΙ
526 1331 601 1359 ΟΜ]
605 1331 643 1358 LI
646 1331 675 1358 A
936 1329 970 1346 ³³¹
1294 1333 1303 1344 ‘¹
1313 1331 1447 1359 omum

250 1426 287 1451 In
325 1424 500 1460 Eutropium
536 1421 699 1448 eunuchum
726 1420 888 1448 Patricium

468 1477 502 1494 ac
523 1466 683 1495 consulem.

1032 1420 1076 1451 Ιῗῖς
1093 1419 1236 1458 [ibi-pomona
1252 1421 1372 1459 εὐνοῦχον
1386 1421 1522 1460 πατρίκιον
1534 1421 1578 1449 καὶ
1593 1421 1700 1449 ὕπατον.

257 1561 284 1587 1.
301 1560 412 1598 Semper
419 1557 539 1596 quidem,
552 1567 622 1585 nunc
636 1567 698 1585 vero
711 1556 825 1584 maxime
835 1566 930 1594 oppor·
1023 1556 1073 1586 Ἀεὶ
1084 1558 1145 1596 μὲν,
1163 1559 1277 1596 μάλιστα
1291 1560 1317 1588 δὲ
1332 1562 1375 1588 νῦν
1388 1560 1506 1600 εὔκαιρον
1521 1562 1614 1589 εἰπεῖν·
1630 1559 1747 1589 Ματαιό-

982 1615 1029 1637 της
1051 1606 1242 1641 ματαιοτήτων,
1257 1606 1301 1634 καὶ
1322 1607 1408 1634 πάντα
1430 1607 1582 1645 ματαιότης.
1598 1607 1653 1634 Ποῦ
1668 1609 1712 1633 νῦν
1726 1607 1742 1639 ἠ

216 1651 408 1680 υιιηίιας.ὓ1)ί
419 1660 489 1679 nunc
497 1650 613 1688 inclytus
623 1648 669 1677 ille
681 1648 834 1677 consulatus
841 1648 928 1687 splen·
981 1649 1092 1689 λαμπρὰ
1106 1652 1152 1685 τῆς
1175 1652 1299 1684 ὑπατείας
1322 1653 1464 1691 περιίολή;
1479 1655 1528 1681 ποῦ
1543 1653 1570 1680 δὲ
1587 1654 1613 1680 αἱ
1637 1651 1743 1691 φαιδραὶ

980 1695 1132 1733 λαμπάδες
1153 1700 1202 1725 ποῦ
1226 1698 1252 1726 δὲ
1277 1699 1300 1726 οἱ
1327 1698 1430 1738 κρότοι,
1449 1699 1493 1727 καὶ
1513 1700 1536 1727 οἱ
1549 1699 1640 1737 χοροὶ,
1654 1698 1698 1726 καὶ
1719 1698 1745 1725 αἱ

212 1754 242 1772 ac
263 1743 364 1772 choreae
380 1742 518 1782 epulaeque
529 1748 554 1770 ct
568 1741 626 1769 festi
638 1740 803 1768 conventus?
818 1740 863 1768 ubi
878 1751 926 1768 co-

980 1742 1084 1777 Οαλίαι,
1101 1743 1145 1771 καὶ
1161 1745 1187 1772 αἱ
1211 1745 1385 1783 πανηγύρεις;
1397 1747 1446 1773 ποῦ
1464 1746 1488 1773 οἱ
1506 1745 1627 1783 στέφανοι
1647 1744 1691 1772 καὶ
1712 1743 1745 1771 τὰ

212 1800 282 1818 rome
297 1796 322 1818 et
335 1789 437 1817 aulaea?
454 1788 501 1816 ubi
524 1787 651 1826 strepitus
665 1786 749 1822 urhis,
764 1792 789 1814 et
803 1785 856 1813 illae
870 1786 923 1814 cir-

979 1789 1227 1827 παραπετοίσματα5
1239 1794 1289 1818 ποῦ
1305 1794 1318 1819 ὁ
1332 1793 1378 1825 τῆς
1400 1791 1500 1823 πόλεως
1518 1790 1639 1829 Οόρυίος,
1654 1790 1697 1819 καὶ
1719 1791 1745 1818 αἱ

212 1836 330 1865 censium
349 1836 440 1864 faustae
463 1833 674 1867 acclamationes,
694 1839 925 1871 spectatorumque

213 1881 400 1910 adulationes?
415 1882 512 1909 Omnia
525 1879 571 1907 illa
585 1878 739 1917 perierunt:
751 1877 868 1916 procella
880 1888 925 1907 ve-

213 1928 320 1956 hemens
339 1927 403 1955 solia
417 1925 525 1965 dejecit,
539 1925 661 1953 arborem
682 1923 821 1963 spoliatam
836 1923 926 1952 reddi-

213 1974 263 2009 dit,
273 1974 328 2013 jam
338 1973 465 2002 radicitus
474 1971 656 2000 vacillantem:
670 1976 792 2007 tantaque
804 1969 845 1998 vis
854 1970 927 1998 venti

214 2020 326 2058 impacta
340 2026 389 2053 est,
405 2025 434 2046 ut
447 2028 508 2046 cum
529 2027 624 2045 nervos
638 2016 695 2054 ejus
711 2025 849 2044 universos
865 2026 925 2044 con-

213 2065 335 2100 cusserit,
349 2072 405 2093 tum
420 2065 504 2103 ipsam
519 2062 640 2090 funditus
662 2068 828 2100 prosternere
843 2062 927 2089 mine-

213 2118 268 2139 tur.
286 2111 341 2139 Ubi
356 2120 426 2138 nunc
438 2109 518 2137 fucati
528 2109 567 2136 illi
580 2107 680 2136 amici?
696 2107 741 2135 ubi
752 2107 926 2146 compotatio-

214 2167 259 2184 nes
269 2156 400 2184 etcoenae‘?
416 2155 461 2183 uhi
472 2154 646 2193 parasitorum
658 2163 779 2188 examen,
790 2160 815 2181 et
825 2163 928 2180 merum

214 2213 262 2241 per
274 2208 354 2229 totam
367 2200 439 2228 diem
449 2201 619 2234 exhaustum,
635 2199 768 2236 vai-imque
781 2208 928 2235 coquorum

215 2254 297 2283 artes,
315 2253 340 2275 et
365 2252 513 2285 potentatus
543 2244 657 2272 cultores
678 2244 739 2278 illi,
759 2243 793 2271 ad
816 2243 928 2282 gratiam

215 2293 302 2321 omnia
314 2292 402 2321 dicere
416 2302 446 2319 ac
458 2291 540 2319 facere
554 2290 674 2318 assucti?
689 2289 786 2318 Omnia
797 2289 844 2317 itta
859 2288 929 2316 nihil

214 2339 265 2367 nisi
283 2349 336 2366 nox
355 2344 380 2366 et
403 2336 536 2365 somnium
554 2335 671 2369 suerunt,
689 2341 713 2362 et
727 2341 864 2373 appetente
882 2333 926 2362 die

214 2390 379 2415 evanuerunt
391 2394 396 2409 ε
412 2383 489 2410 flores
502 2382 609 2409 fuerunt
621 2381 707 2415 verni,
722 2388 747 2408 et
759 2390 820 2409 vere
834 2386 926 2408 exacto

215 2435 401 2458 emarcuerunt
414 2427 504 2457 onmia
519 2439 525 2452 ’-
543 2428 636 2455 umbra
658 2436 741 2464 erant,
758 2434 782 2456 et
795 2429 927 2466 praeterie-

979 1835 1004 1861 ἐν
1023 1836 1207 1874 ἱπποδρομίαις
1222 1836 1364 1875 εὐφημίαι,
1380 1836 1423 1864 καὶ
1438 1838 1489 1864 τῶν
1502 1838 1599 1865 Οεατῶν
1616 1837 1642 1864 αἱ
1663 1837 1742 1864 κολοι-

979 1884 1064 1915 κεῖαι;
1086 1881 1178 1909 Πάντα
1202 1882 1287 1910 ἐκεῖνα
1311 1882 1426 1920 οἴχεται·
1447 1882 1491 1909 καὶ
1516 1881 1609 1918 ἄνεμος
1633 1881 1744 1912 πνεύσας

979 1927 1070 1965 ἀθρόον
1083 1927 1116 1955 τὰ
1140 1926 1185 1965 μὲν
1203 1927 1290 1966 φύλλα
1312 1927 1456 1961 κατέὸαλε,
1470 1927 1568 1965 γυμνὸν
1588 1927 1615 1956 δὲ
1633 1929 1697 1964 ἡμῖν
1717 1926 1747 1954 τὸ

981 1973 1082 2011 δένδρον
1095 1973 1188 2008 ἔδειξε,
1204 1973 1248 2001 καὶ
1263 1973 1314 2002 ἀπὸ
1328 1976 1374 2008 τῆς
1388 1973 1459 2012 ῥίζης
1473 1975 1552 2008 αὐτῆς
1569 1974 1742 2010 σαλευόμενον

979 2019 1069 2047 λοιπόν
1081 2031 1087 2036 ·
1101 2019 1208 2054 τοιαύτη
1223 2019 1273 2059 γὰρ
1293 2022 1309 2054 ἡ
1326 2023 1370 2048 τοῦ
1392 2019 1538 2058 πνεύματος
1557 2019 1647 2057 γέγονε
1660 2029 1744 2057 προσ-

981 2065 1045 2100 Col-k
1056 2087 1064 2100 ‚
1078 2067 1113 2098 ὡς
1127 2066 1170 2094 καὶ
1184 2066 1321 2105 πρόρριζον
1336 2068 1452 2095 ἀπειλεῖν
1468 2068 1603 2103 ἀνασπᾷν,
1618 2063 1661 2093 καὶ
1677 2063 1743 2092 αὐτὰ

982 2111 1150 2140 διασαλεῦσαι
1171 2115 1216 2140 τοῦ
1241 2112 1344 2150 δένδρου
1358 2113 1391 2140 τὰ
1413 2114 1499 2150 νεῦρα.
1515 2112 1570 2139 Ποῦ
1586 2113 1630 2138 νῖᾶν
1653 2111 1676 2138 οἱ
1695 2120 1742 2137 πε-

981 2157 1126 2194 πλασμένοι
1139 2158 1224 2196 φίλοις
1239 2161 1288 2186 ποῦ
1309 2158 1341 2186 τὰ
1358 2158 1492 2195 συμπόσια
1515 2156 1559 2184 καὶ
1583 2155 1615 2183 τὰ
1638 2155 1743 2189 δεῖπνα;

982 2205 1030 2230 ποῦ
1048 2206 1061 2231 ὁ
1075 2205 1126 2231 τῶν
1145 2204 1297 2242 παρασίτων
1320 2204 1413 2241 ἐσμὸς,
1430 2203 1474 2231 καὶ
1490 2205 1503 2230 ὁ
1518 2203 1550 2230 δι’
1565 2202 1625 2236 ὅλης
1644 2199 1743 2238 ἡμέρας

982 2247 1135 2287 ἐγχεάμενος
1150 2249 1273 2287 ἄκρατος,
1287 2249 1332 2277 καὶ
1352 2250 1379 2276 αἱ
1401 2247 1517 2277 ποικίλαι
1535 2248 1586 2274 τῶν
1613 2245 1742 2283 μαγείρων

982 2294 1086 2333 τέχναι,
1096 2295 1141 2322 καὶ
1161 2297 1184 2323 οἱ
1205 2296 1252 2329 τῆς
1267 2295 1430 2333 δυναστείας·
1442 2294 1610 2333 Θεραπευταὶ,
1621 2294 1644 2320 οἱ
1658 2292 1745 2319 πάντα

982 2342 1046 2378 πρὸς
1059 2340 1136 2380 χάριν
1162 2344 1294 2373 ποιοῦντες
1319 2341 1362 2370 καὶ
1383 2341 1515 2379 λέγοντες;
1529 2339 1583 2372 M}
1603 2335 1634 2374 ἦν
1658 2339 1745 2367 πάντα

983 2387 1069 2414 ἐκεῖνα
1090 2386 1135 2414 καὶ
1152 2387 1229 2425 ὄναρ,
1249 2386 1292 2414 καὶ
1314 2386 1414 2425 ἡμέρας
1437 2385 1576 2424 γενομένης
1593 2384 1744 2423 ΑἧςρειΝιίῖΟη·

984 2432 1047 2475 ᾅνΟη
1063 2427 1093 2466 ἧν
1117 2432 1274 2470 ἐαρινὰ,καὶ
1293 2432 1464 2470 παρελθόντος
1488 2434 1531 2459 τοῦ
1553 2431 1626 2469 ἔαρος
1643 2430 1746 2458 ἅπαντα

248 2519 257 2530 fl
276 2510 374 2535 Cotlata
389 2518 445 2534 cuni
461 2509 506 2532 Ms.
520 2509 595 2540 Regio
613 2510 684 2532 tort.
700 2509 766 2539 Post,
779 2509 919 2533 Patricium
938 2520 969 2534 ac
995 2516 1096 2535 tescercl
1107 2512 1152 2535 sub
1170 2512 1247 2535 altari
1263 2511 1388 2541 ecclesia),
1399 2512 1439 2534 cui
1458 2512 1511 2543 ipse
1527 2516 1603 2535 antea
1613 2513 1660 2545 jux
1676 2514 1747 2545 asyli

219 2550 365 2579 Consulem,
379 2548 551 2581 Sigismuudus
569 2547 684 2572 Gelenius
702 2547 786 2575 addit.
801 2549 967 2581 Pmfitctmu-
994 2550 1114 2582 abrogare
1124 2550 1329 2581 sonatussiaerat.
1339 2551 1399 2580 Quae
1411 2550 1434 2574 in
1444 2549 1512 2574 nullo
1526 2550 1666 2585 Exemplar}
1677 2557 1744 2581 firm-

217 2600 265 2624 qm·
279 2590 388 2613 cubiculi
399 2588 509 2612 Arc-mlii
522 2587 589 2621 Aug.
601 2596 654 2611 cum
669 2588 768 2619 ‘fffi'st‘f'
781 2590 894 2620 principe
903 2590 968 2614 deli*
994 2598 1032 2616 co,
1048 2589 1166 2613 hactenus
1179 2599 1191 2613 a
1203 2591 1274 2614 nobis
1289 2597 1431 2623 conspecto.
1443 2597 1548 2616 exstant.
