<?xml version="1.0" encoding="UTF-8"?>
<!DOCTYPE html PUBLIC "-//W3C//DTD XHTML 1.0 Transitional//EN"
    "http://www.w3.org/TR/xhtml1/DTD/xhtml1-transitional.dtd">
<html xmlns="http://www.w3.org/1999/xhtml" xml:lang="en" lang="en">
 <head>
  <title>
</title>
<meta http-equiv="Content-Type" content="text/html;charset=utf-8" />
  <meta name='ocr-system' content='tesseract 3.04.00' />
  <meta name='ocr-capabilities' content='ocr_page ocr_carea ocr_par ocr_line ocrx_word'/>
</head>
<body>
  <div class='ocr_page' id='page_1' title='image "./operaomniaquaeex03johnuoft/operaomniaquaeex03johnuoft_0966.png"; bbox 0 0 1832 2815; ppageno 0'>
   <div class='ocr_carea' id='block_1_1' title="bbox 51 1289 190 1319">
    <p class='ocr_par' dir='ltr' id='par_1_1' title="bbox 51 1289 190 1319">
     <span class='ocr_line' id='line_1_1' title="bbox 51 1289 190 1319; baseline 0 -8"><span class='ocrx_word' id='word_1_1' title='bbox 51 1290 118 1311; x_wconf 66' lang='lat' dir='ltr'>Psat.</span> <span class='ocrx_word' id='word_1_2' title='bbox 126 1289 163 1319; x_wconf 73' lang='lat'>46.</span> <span class='ocrx_word' id='word_1_3' title='bbox 167 1289 190 1312; x_wconf 86' lang='lat'>6.</span> 
     </span>
    </p>
   </div>
   <div class='ocr_carea' id='block_1_2' title="bbox 55 1808 175 1836">
    <p class='ocr_par' dir='ltr' id='par_1_2' title="bbox 55 1808 175 1836">
     <span class='ocr_line' id='line_1_2' title="bbox 55 1808 175 1836; baseline -0.025 -7"><span class='ocrx_word' id='word_1_4' title='bbox 55 1808 138 1829; x_wconf 57' lang='lat' dir='ltr'>nana.</span> <span class='ocrx_word' id='word_1_5' title='bbox 151 1814 175 1836; x_wconf 82' lang='lat'>9·</span> 
     </span>
    </p>
   </div>
   <div class='ocr_carea' id='block_1_3' title="bbox 55 2402 178 2425">
    <p class='ocr_par' dir='ltr' id='par_1_3' title="bbox 55 2402 178 2425">
     <span class='ocr_line' id='line_1_3' title="bbox 55 2402 178 2425; baseline 0.018 -2"><span class='ocrx_word' id='word_1_6' title='bbox 55 2409 76 2423; x_wconf 67' lang='lat'>2,</span> <span class='ocrx_word' id='word_1_7' title='bbox 93 2402 145 2424; x_wconf 70' lang='lat' dir='ltr'>Cor.</span> <span class='ocrx_word' id='word_1_8' title='bbox 155 2402 178 2425; x_wconf 79' lang='grc'>5.</span> 
     </span>
    </p>
   </div>
   <div class='ocr_carea' id='block_1_4' title="bbox 206 150 276 195">
    <p class='ocr_par' dir='ltr' id='par_1_4' title="bbox 206 150 276 195">
     <span class='ocr_line' id='line_1_4' title="bbox 206 150 276 195; baseline -0.043 0"><span class='ocrx_word' id='word_1_9' title='bbox 206 150 276 195; x_wconf 79' lang='lat'>940</span> 
     </span>
    </p>
   </div>
   <div class='ocr_carea' id='block_1_5' title="bbox 200 222 916 2594">
    <p class='ocr_par' dir='ltr' id='par_1_5' title="bbox 200 222 916 2594">
     <span class='ocr_line' id='line_1_5' title="bbox 204 222 916 260; baseline 0 -10"><span class='ocrx_word' id='word_1_10' title='bbox 204 223 252 250; x_wconf 77' lang='lat' dir='ltr'>lmS</span> <span class='ocrx_word' id='word_1_11' title='bbox 267 222 374 251; x_wconf 74' lang='lat' dir='ltr'>choreas</span> <span class='ocrx_word' id='word_1_12' title='bbox 389 222 473 260; x_wconf 83' lang='lat' dir='ltr'>agatis</span> <span class='ocrx_word' id='word_1_13' title='bbox 490 222 622 250; x_wconf 59' lang='lat' dir='ltr'>cohortorn</span> <span class='ocrx_word' id='word_1_14' title='bbox 641 223 694 259; x_wconf 89' lang='lat' dir='ltr'>Qui</span> <span class='ocrx_word' id='word_1_15' title='bbox 709 222 779 250; x_wconf 82' lang='lat' dir='ltr'>enim</span> <span class='ocrx_word' id='word_1_16' title='bbox 799 232 846 250; x_wconf 85' lang='lat' dir='ltr'>nec</span> <span class='ocrx_word' id='word_1_17' title='bbox 863 229 916 250; x_wconf 87' lang='lat' dir='ltr'>ter—</span> 
     </span>
     <span class='ocr_line' id='line_1_6' title="bbox 205 261 916 306; baseline -0.001 -16"><span class='ocrx_word' id='word_1_18' title='bbox 205 273 267 290; x_wconf 87' lang='lat' dir='ltr'>reno</span> <span class='ocrx_word' id='word_1_19' title='bbox 282 261 390 300; x_wconf 83' lang='lat' dir='ltr'>quidem</span> <span class='ocrx_word' id='word_1_20' title='bbox 403 263 502 290; x_wconf 82' lang='lat' dir='ltr'>honore</span> <span class='ocrx_word' id='word_1_21' title='bbox 511 261 586 301; x_wconf 82' lang='lat' dir='ltr'>digni</span> <span class='ocrx_word' id='word_1_22' title='bbox 599 273 716 306; x_wconf 51' lang='grc'>0111111115,</span> <span class='ocrx_word' id='word_1_23' title='bbox 727 261 761 290; x_wconf 89' lang='lat' dir='ltr'>ad</span> <span class='ocrx_word' id='word_1_24' title='bbox 771 272 916 300; x_wconf 83' lang='lat' dir='ltr'>supernum</span> 
     </span>
     <span class='ocr_line' id='line_1_7' title="bbox 205 301 916 340; baseline 0 -11"><span class='ocrx_word' id='word_1_25' title='bbox 205 312 316 340; x_wconf 77' lang='lat' dir='ltr'>regnum</span> <span class='ocrx_word' id='word_1_26' title='bbox 330 301 507 337; x_wconf 77' lang='lat' dir='ltr'>ascendimus,</span> <span class='ocrx_word' id='word_1_27' title='bbox 524 301 599 329; x_wconf 68' lang='lat' dir='ltr'>cst-los</span> <span class='ocrx_word' id='word_1_28' title='bbox 614 302 789 340; x_wconf 80' lang='lat' dir='ltr'>pervasimus,</span> <span class='ocrx_word' id='word_1_29' title='bbox 804 308 828 329; x_wconf 84' lang='lat' dir='ltr'>et</span> <span class='ocrx_word' id='word_1_30' title='bbox 842 311 916 339; x_wconf 81' lang='lat' dir='ltr'>rega—</span> 
     </span>
     <span class='ocr_line' id='line_1_8' title="bbox 205 341 915 384; baseline -0.003 -15"><span class='ocrx_word' id='word_1_31' title='bbox 205 341 257 369; x_wconf 81' lang='lat' dir='ltr'>lem</span> <span class='ocrx_word' id='word_1_32' title='bbox 275 341 402 369; x_wconf 84' lang='lat' dir='ltr'>thronum</span> <span class='ocrx_word' id='word_1_33' title='bbox 417 341 660 380; x_wconf 76' lang='lat' dir='ltr'>apprehendimus,</span> <span class='ocrx_word' id='word_1_34' title='bbox 677 350 787 379; x_wconf 71' lang='lat' dir='ltr'>ipsique</span> <span class='ocrx_word' id='word_1_35' title='bbox 809 347 915 384; x_wconf 75' lang='lat' dir='ltr'>natura,</span> 
     </span>
     <span class='ocr_line' id='line_1_9' title="bbox 204 379 916 420; baseline 0 -12"><span class='ocrx_word' id='word_1_36' title='bbox 204 392 251 420; x_wconf 87' lang='lat' dir='ltr'>per</span> <span class='ocrx_word' id='word_1_37' title='bbox 257 392 337 418; x_wconf 88' lang='lat' dir='ltr'>quam</span> <span class='ocrx_word' id='word_1_38' title='bbox 346 381 529 410; x_wconf 71' lang='lat' dir='ltr'>custodiebant</span> <span class='ocrx_word' id='word_1_39' title='bbox 536 380 689 419; x_wconf 78' lang='lat' dir='ltr'>paradisum</span> <span class='ocrx_word' id='word_1_40' title='bbox 698 380 767 407; x_wconf 83' lang='lat' dir='ltr'>Cher</span> <span class='ocrx_word' id='word_1_41' title='bbox 770 379 869 407; x_wconf 83' lang='lat' dir='ltr'>ubim</span> <span class='ocrx_word' id='word_1_42' title='bbox 847 390 916 418; x_wconf 71' lang='lat' dir='ltr'>,jam</span> 
     </span>
     <span class='ocr_line' id='line_1_10' title="bbox 204 419 914 457; baseline -0.004 -8"><span class='ocrx_word' id='word_1_43' title='bbox 204 427 294 449; x_wconf 79' lang='lat' dir='ltr'>evecta</span> <span class='ocrx_word' id='word_1_44' title='bbox 309 427 346 449; x_wconf 89' lang='lat' dir='ltr'>est</span> <span class='ocrx_word' id='word_1_45' title='bbox 360 428 385 449; x_wconf 86' lang='lat' dir='ltr'>et</span> <span class='ocrx_word' id='word_1_46' title='bbox 397 421 531 449; x_wconf 81' lang='lat' dir='ltr'>adoratur.</span> <span class='ocrx_word' id='word_1_47' title='bbox 546 420 712 457; x_wconf 83' lang='lat' dir='ltr'>Obstupesce</span> <span class='ocrx_word' id='word_1_48' title='bbox 726 419 809 457; x_wconf 81' lang='lat' dir='ltr'>igitur</span> <span class='ocrx_word' id='word_1_49' title='bbox 822 426 847 447; x_wconf 83' lang='lat' dir='ltr'>ct</span> <span class='ocrx_word' id='word_1_50' title='bbox 863 419 914 447; x_wconf 88' lang='lat' dir='ltr'>ad-</span> 
     </span>
     <span class='ocr_line' id='line_1_11' title="bbox 205 441 915 495; baseline -0.003 -7"><span class='ocrx_word' id='word_1_51' title='bbox 205 471 309 493; x_wconf 77' lang='lat' dir='ltr'>muare,</span> <span class='ocrx_word' id='word_1_52' title='bbox 315 460 460 495; x_wconf 80' lang='lat' dir='ltr'>carissime,</span> <span class='ocrx_word' id='word_1_53' title='bbox 469 470 527 495; x_wconf 71' lang='grc'>1111(</span> <span class='ocrx_word' id='word_1_54' title='bbox 532 469 592 487; x_wconf 85' lang='lat' dir='ltr'>nam</span> <span class='ocrx_word' id='word_1_55' title='bbox 603 441 750 486; x_wconf 54' lang='lat' dir='ltr'>solertiam?</span> <span class='ocrx_word' id='word_1_56' title='bbox 748 458 854 487; x_wconf 86' lang='lat' dir='ltr'>Domini</span> <span class='ocrx_word' id='word_1_57' title='bbox 866 459 915 494; x_wconf 83' lang='lat' dir='ltr'>tui,</span> 
     </span>
     <span class='ocr_line' id='line_1_12' title="bbox 203 498 914 538; baseline -0.001 -11"><span class='ocrx_word' id='word_1_58' title='bbox 203 510 234 527; x_wconf 86' lang='lat' dir='ltr'>ac</span> <span class='ocrx_word' id='word_1_59' title='bbox 254 499 374 538; x_wconf 76' lang='lat' dir='ltr'>glorifica</span> <span class='ocrx_word' id='word_1_60' title='bbox 395 510 471 535; x_wconf 79' lang='lat' dir='ltr'>cunr,</span> <span class='ocrx_word' id='word_1_61' title='bbox 493 499 538 536; x_wconf 87' lang='lat' dir='ltr'>qui</span> <span class='ocrx_word' id='word_1_62' title='bbox 565 505 636 526; x_wconf 82' lang='lat' dir='ltr'>tanta</span> <span class='ocrx_word' id='word_1_63' title='bbox 660 498 709 526; x_wconf 85' lang='lat' dir='ltr'>tibi</span> <span class='ocrx_word' id='word_1_64' title='bbox 732 498 844 536; x_wconf 78' lang='lat' dir='ltr'>largitus</span> <span class='ocrx_word' id='word_1_65' title='bbox 867 505 914 527; x_wconf 84' lang='lat' dir='ltr'>est.</span> 
     </span>
     <span class='ocr_line' id='line_1_13' title="bbox 205 537 915 576; baseline -0.001 -9"><span class='ocrx_word' id='word_1_66' title='bbox 205 539 382 567; x_wconf 82' lang='lat' dir='ltr'>Transcendit</span> <span class='ocrx_word' id='word_1_67' title='bbox 391 539 461 567; x_wconf 80' lang='lat' dir='ltr'>enirn</span> <span class='ocrx_word' id='word_1_68' title='bbox 473 538 536 566; x_wconf 82' lang='lat' dir='ltr'>doni</span> <span class='ocrx_word' id='word_1_69' title='bbox 550 537 747 576; x_wconf 80' lang='lat' dir='ltr'>magnificentia</span> <span class='ocrx_word' id='word_1_70' title='bbox 758 538 849 566; x_wconf 85' lang='lat' dir='ltr'>damni</span> <span class='ocrx_word' id='word_1_71' title='bbox 861 548 915 566; x_wconf 84' lang='lat' dir='ltr'>ma-</span> 
     </span>
     <span class='ocr_line' id='line_1_14' title="bbox 204 577 915 617; baseline -0.001 -11"><span class='ocrx_word' id='word_1_72' title='bbox 204 578 379 617; x_wconf 82' lang='lat' dir='ltr'>gnitudinem.</span> <span class='ocrx_word' id='word_1_73' title='bbox 400 579 467 606; x_wconf 80' lang='lat' dir='ltr'>Nam</span> <span class='ocrx_word' id='word_1_74' title='bbox 484 588 543 605; x_wconf 87' lang='lat' dir='ltr'>ecce</span> <span class='ocrx_word' id='word_1_75' title='bbox 564 578 611 615; x_wconf 81' lang='lat' dir='ltr'>qui</span> <span class='ocrx_word' id='word_1_76' title='bbox 633 577 757 616; x_wconf 79' lang='lat' dir='ltr'>paradiso</span> <span class='ocrx_word' id='word_1_77' title='bbox 778 577 915 605; x_wconf 82' lang='lat' dir='ltr'>excidera-</span> 
     </span>
     <span class='ocr_line' id='line_1_15' title="bbox 204 617 915 656; baseline -0.001 -10"><span class='ocrx_word' id='word_1_78' title='bbox 204 629 274 652; x_wconf 81' lang='lat' dir='ltr'>mus,</span> <span class='ocrx_word' id='word_1_79' title='bbox 287 618 321 646; x_wconf 84' lang='lat' dir='ltr'>ad</span> <span class='ocrx_word' id='word_1_80' title='bbox 331 618 424 645; x_wconf 64' lang='lat' dir='ltr'>czrluni</span> <span class='ocrx_word' id='word_1_81' title='bbox 439 618 528 656; x_wconf 89' lang='lat' dir='ltr'>ipsum</span> <span class='ocrx_word' id='word_1_82' title='bbox 543 617 640 645; x_wconf 78' lang='lat' dir='ltr'>sublati</span> <span class='ocrx_word' id='word_1_83' title='bbox 655 627 760 653; x_wconf 88' lang='lat' dir='ltr'>sumus;</span> <span class='ocrx_word' id='word_1_84' title='bbox 772 617 818 655; x_wconf 90' lang='lat' dir='ltr'>qui</span> <span class='ocrx_word' id='word_1_85' title='bbox 832 624 915 645; x_wconf 78' lang='lat' dir='ltr'>morte</span> 
     </span>
     <span class='ocr_line' id='line_1_16' title="bbox 204 656 913 695; baseline -0.001 -10"><span class='ocrx_word' id='word_1_86' title='bbox 204 657 323 685; x_wconf 85' lang='lat' dir='ltr'>damnati</span> <span class='ocrx_word' id='word_1_87' title='bbox 338 657 451 693; x_wconf 85' lang='lat' dir='ltr'>fuimus,</span> <span class='ocrx_word' id='word_1_88' title='bbox 466 656 674 685; x_wconf 69' lang='lat' dir='ltr'>immortalitatis</span> <span class='ocrx_word' id='word_1_89' title='bbox 694 656 795 685; x_wconf 89' lang='lat' dir='ltr'>donum</span> <span class='ocrx_word' id='word_1_90' title='bbox 809 657 913 695; x_wconf 86' lang='lat' dir='ltr'>accepi-</span> 
     </span>
     <span class='ocr_line' id='line_1_17' title="bbox 204 696 914 733; baseline 0 -9"><span class='ocrx_word' id='word_1_91' title='bbox 204 708 264 724; x_wconf 85' lang='lat' dir='ltr'>mus</span> <span class='ocrx_word' id='word_1_92' title='bbox 288 708 293 723; x_wconf 92' lang='lat'>:</span> <span class='ocrx_word' id='word_1_93' title='bbox 315 696 408 724; x_wconf 86' lang='lat' dir='ltr'>infensi</span> <span class='ocrx_word' id='word_1_94' title='bbox 428 706 533 724; x_wconf 87' lang='lat' dir='ltr'>eramus</span> <span class='ocrx_word' id='word_1_95' title='bbox 553 703 578 724; x_wconf 87' lang='lat' dir='ltr'>et</span> <span class='ocrx_word' id='word_1_96' title='bbox 598 696 710 733; x_wconf 75' lang='lat' dir='ltr'>abjecti3</span> <span class='ocrx_word' id='word_1_97' title='bbox 731 702 756 724; x_wconf 80' lang='lat' dir='ltr'>et</span> <span class='ocrx_word' id='word_1_98' title='bbox 777 696 846 724; x_wconf 80' lang='lat' dir='ltr'>filios</span> <span class='ocrx_word' id='word_1_99' title='bbox 867 706 914 725; x_wconf 90' lang='lat' dir='ltr'>nos</span> 
     </span>
     <span class='ocr_line' id='line_1_18' title="bbox 203 735 915 774; baseline 0.003 -11"><span class='ocrx_word' id='word_1_100' title='bbox 203 746 298 764; x_wconf 79' lang='lat' dir='ltr'>vocare</span> <span class='ocrx_word' id='word_1_101' title='bbox 318 736 444 774; x_wconf 80' lang='lat' dir='ltr'>dignatus</span> <span class='ocrx_word' id='word_1_102' title='bbox 459 742 508 773; x_wconf 78' lang='lat' dir='ltr'>est,</span> <span class='ocrx_word' id='word_1_103' title='bbox 526 746 611 773; x_wconf 88' lang='lat' dir='ltr'>neque</span> <span class='ocrx_word' id='word_1_104' title='bbox 627 735 696 763; x_wconf 87' lang='lat' dir='ltr'>filios</span> <span class='ocrx_word' id='word_1_105' title='bbox 716 736 812 771; x_wconf 83' lang='lat' dir='ltr'>solum,</span> <span class='ocrx_word' id='word_1_106' title='bbox 830 735 877 764; x_wconf 89' lang='lat' dir='ltr'>sed</span> <span class='ocrx_word' id='word_1_107' title='bbox 890 743 915 765; x_wconf 90' lang='lat' dir='ltr'>et</span> 
     </span>
     <span class='ocr_line' id='line_1_19' title="bbox 203 774 916 813; baseline 0.001 -11"><span class='ocrx_word' id='word_1_108' title='bbox 203 775 313 804; x_wconf 87' lang='lat' dir='ltr'>heredes</span> <span class='ocrx_word' id='word_1_109' title='bbox 324 787 332 812; x_wconf 74' lang='lat'>3</span> <span class='ocrx_word' id='word_1_110' title='bbox 347 786 432 813; x_wconf 87' lang='lat' dir='ltr'>neque</span> <span class='ocrx_word' id='word_1_111' title='bbox 443 775 522 804; x_wconf 84' lang='lat' dir='ltr'>etiam</span> <span class='ocrx_word' id='word_1_112' title='bbox 532 774 642 803; x_wconf 83' lang='lat' dir='ltr'>heredes</span> <span class='ocrx_word' id='word_1_113' title='bbox 655 781 769 811; x_wconf 81' lang='lat' dir='ltr'>tantum,</span> <span class='ocrx_word' id='word_1_114' title='bbox 780 774 828 803; x_wconf 87' lang='lat' dir='ltr'>sed</span> <span class='ocrx_word' id='word_1_115' title='bbox 839 782 863 803; x_wconf 88' lang='lat' dir='ltr'>et</span> <span class='ocrx_word' id='word_1_116' title='bbox 874 786 916 803; x_wconf 85' lang='lat' dir='ltr'>co-</span> 
     </span>
     <span class='ocr_line' id='line_1_20' title="bbox 203 813 915 853; baseline 0 -11"><span class='ocrx_word' id='word_1_117' title='bbox 203 814 311 843; x_wconf 79' lang='lat' dir='ltr'>heredes</span> <span class='ocrx_word' id='word_1_118' title='bbox 326 815 439 844; x_wconf 80' lang='lat' dir='ltr'>Christi.</span> <span class='ocrx_word' id='word_1_119' title='bbox 455 814 525 843; x_wconf 85' lang='lat' dir='ltr'>Ecce</span> <span class='ocrx_word' id='word_1_120' title='bbox 542 813 676 853; x_wconf 89' lang='lat' dir='ltr'>quomodo</span> <span class='ocrx_word' id='word_1_121' title='bbox 691 815 791 853; x_wconf 85' lang='lat' dir='ltr'>majora</span> <span class='ocrx_word' id='word_1_122' title='bbox 806 815 882 843; x_wconf 90' lang='lat' dir='ltr'>nobis</span> <span class='ocrx_word' id='word_1_123' title='bbox 901 826 915 843; x_wconf 85' lang='lat' dir='ltr'>a</span> 
     </span>
     <span class='ocr_line' id='line_1_21' title="bbox 203 854 912 892; baseline -0.001 -10"><span class='ocrx_word' id='word_1_124' title='bbox 203 855 319 883; x_wconf 89' lang='lat' dir='ltr'>Donrino</span> <span class='ocrx_word' id='word_1_125' title='bbox 333 855 386 883; x_wconf 89' lang='lat' dir='ltr'>sint</span> <span class='ocrx_word' id='word_1_126' title='bbox 400 854 507 891; x_wconf 83' lang='lat' dir='ltr'>donata,</span> <span class='ocrx_word' id='word_1_127' title='bbox 520 865 600 892; x_wconf 86' lang='lat' dir='ltr'>quam</span> <span class='ocrx_word' id='word_1_128' title='bbox 611 860 686 882; x_wconf 85' lang='lat' dir='ltr'>antea</span> <span class='ocrx_word' id='word_1_129' title='bbox 696 854 800 882; x_wconf 88' lang='lat' dir='ltr'>fucrant</span> <span class='ocrx_word' id='word_1_130' title='bbox 814 854 912 882; x_wconf 83' lang='lat' dir='ltr'>ablata.</span> 
     </span>
     <span class='ocr_line' id='line_1_22' title="bbox 202 893 914 923; baseline -0.003 0"><span class='ocrx_word' id='word_1_131' title='bbox 202 895 307 923; x_wconf 75' lang='lat' dir='ltr'>Verum</span> <span class='ocrx_word' id='word_1_132' title='bbox 317 894 382 923; x_wconf 88' lang='lat' dir='ltr'>dum</span> <span class='ocrx_word' id='word_1_133' title='bbox 397 894 475 923; x_wconf 85' lang='lat' dir='ltr'>audis</span> <span class='ocrx_word' id='word_1_134' title='bbox 493 905 554 922; x_wconf 90' lang='lat' dir='ltr'>eum</span> <span class='ocrx_word' id='word_1_135' title='bbox 567 893 716 922; x_wconf 78' lang='lat' dir='ltr'>ascendisse</span> <span class='ocrx_word' id='word_1_136' title='bbox 727 900 754 922; x_wconf 86' lang='lat' dir='ltr'>et</span> <span class='ocrx_word' id='word_1_137' title='bbox 766 900 914 922; x_wconf 85' lang='lat' dir='ltr'>assumtum</span> 
     </span>
     <span class='ocr_line' id='line_1_23' title="bbox 202 933 911 972; baseline 0 -11"><span class='ocrx_word' id='word_1_138' title='bbox 202 944 266 969; x_wconf 74' lang='lat' dir='ltr'>esse,</span> <span class='ocrx_word' id='word_1_139' title='bbox 279 945 344 963; x_wconf 84' lang='lat' dir='ltr'>cave</span> <span class='ocrx_word' id='word_1_140' title='bbox 356 934 491 963; x_wconf 80' lang='lat' dir='ltr'>localem</span> <span class='ocrx_word' id='word_1_141' title='bbox 485 944 512 962; x_wconf 91' lang='grc'>111</span> <span class='ocrx_word' id='word_1_142' title='bbox 530 935 585 962; x_wconf 85' lang='grc'>1)00</span> <span class='ocrx_word' id='word_1_143' title='bbox 599 933 755 962; x_wconf 77' lang='lat' dir='ltr'>descensum</span> <span class='ocrx_word' id='word_1_144' title='bbox 775 933 911 972; x_wconf 75' lang='lat' dir='ltr'>opineris:</span> 
     </span>
     <span class='ocr_line' id='line_1_24' title="bbox 201 972 914 1017; baseline 0 -16"><span class='ocrx_word' id='word_1_145' title='bbox 201 972 331 1002; x_wconf 75' lang='lat' dir='ltr'>divinitas</span> <span class='ocrx_word' id='word_1_146' title='bbox 350 974 422 1002; x_wconf 88' lang='lat' dir='ltr'>enim</span> <span class='ocrx_word' id='word_1_147' title='bbox 447 973 536 1002; x_wconf 88' lang='lat' dir='ltr'>omnia</span> <span class='ocrx_word' id='word_1_148' title='bbox 554 973 659 1012; x_wconf 82' lang='lat' dir='ltr'>implet,</span> <span class='ocrx_word' id='word_1_149' title='bbox 683 973 782 1010; x_wconf 88' lang='lat' dir='ltr'>ubique</span> <span class='ocrx_word' id='word_1_150' title='bbox 801 983 914 1017; x_wconf 64' lang='lat' dir='ltr'>praesens</span> 
     </span>
     <span class='ocr_line' id='line_1_25' title="bbox 201 1013 913 1051; baseline -0.001 -10"><span class='ocrx_word' id='word_1_151' title='bbox 201 1020 251 1049; x_wconf 86' lang='lat' dir='ltr'>est,</span> <span class='ocrx_word' id='word_1_152' title='bbox 267 1020 293 1041; x_wconf 87' lang='lat' dir='ltr'>et</span> <span class='ocrx_word' id='word_1_153' title='bbox 311 1024 443 1051; x_wconf 79' lang='lat' dir='ltr'>nusquam</span> <span class='ocrx_word' id='word_1_154' title='bbox 459 1013 543 1050; x_wconf 78' lang='lat' dir='ltr'>abest,</span> <span class='ocrx_word' id='word_1_155' title='bbox 565 1013 640 1041; x_wconf 79' lang='lat' dir='ltr'>velut</span> <span class='ocrx_word' id='word_1_156' title='bbox 655 1013 742 1040; x_wconf 86' lang='lat' dir='ltr'>omnia</span> <span class='ocrx_word' id='word_1_157' title='bbox 760 1013 913 1051; x_wconf 82' lang='lat' dir='ltr'>insprerens,</span> 
     </span>
     <span class='ocr_line' id='line_1_26' title="bbox 201 1051 914 1092; baseline 0.001 -12"><span class='ocrx_word' id='word_1_158' title='bbox 201 1059 227 1080; x_wconf 84' lang='lat' dir='ltr'>et</span> <span class='ocrx_word' id='word_1_159' title='bbox 243 1053 308 1081; x_wconf 82' lang='grc' dir='ltr'>11111Υ</span> <span class='ocrx_word' id='word_1_160' title='bbox 311 1064 384 1081; x_wconf 86' lang='grc'>01501</span> <span class='ocrx_word' id='word_1_161' title='bbox 387 1064 431 1081; x_wconf 90' lang='lat' dir='ltr'>um</span> <span class='ocrx_word' id='word_1_162' title='bbox 441 1052 540 1092; x_wconf 80' lang='lat' dir='ltr'>opifex.</span> <span class='ocrx_word' id='word_1_163' title='bbox 556 1051 684 1091; x_wconf 82' lang='lat' dir='ltr'>Ejusdem</span> <span class='ocrx_word' id='word_1_164' title='bbox 698 1062 758 1080; x_wconf 87' lang='lat' dir='ltr'>cum</span> <span class='ocrx_word' id='word_1_165' title='bbox 769 1059 858 1080; x_wconf 84' lang='lat' dir='ltr'>nostro</span> <span class='ocrx_word' id='word_1_166' title='bbox 870 1063 914 1091; x_wconf 76' lang='lat' dir='ltr'>gc-</span> 
     </span>
     <span class='ocr_line' id='line_1_27' title="bbox 202 1092 914 1131; baseline -0.001 -11"><span class='ocrx_word' id='word_1_167' title='bbox 202 1092 272 1120; x_wconf 92' lang='lat' dir='ltr'>neris</span> <span class='ocrx_word' id='word_1_168' title='bbox 286 1103 393 1131; x_wconf 85' lang='lat' dir='ltr'>corpus,</span> <span class='ocrx_word' id='word_1_169' title='bbox 406 1103 458 1130; x_wconf 88' lang='lat' dir='ltr'>quo</span> <span class='ocrx_word' id='word_1_170' title='bbox 472 1098 601 1128; x_wconf 75' lang='lat' dir='ltr'>assumto,</span> <span class='ocrx_word' id='word_1_171' title='bbox 617 1102 745 1130; x_wconf 84' lang='lat' dir='ltr'>apparere</span> <span class='ocrx_word' id='word_1_172' title='bbox 764 1102 843 1130; x_wconf 83' lang='lat' dir='ltr'>super</span> <span class='ocrx_word' id='word_1_173' title='bbox 858 1098 914 1120; x_wconf 82' lang='lat' dir='ltr'>ter-</span> 
     </span>
     <span class='ocr_line' id='line_1_28' title="bbox 205 1131 912 1170; baseline 0.003 -12"><span class='ocrx_word' id='word_1_174' title='bbox 205 1142 217 1158; x_wconf 93' lang='grc'>1</span> <span class='ocrx_word' id='word_1_175' title='bbox 218 1142 261 1159; x_wconf 76' lang='lat' dir='ltr'>rm</span> <span class='ocrx_word' id='word_1_176' title='bbox 275 1131 401 1170; x_wconf 81' lang='lat' dir='ltr'>dignatus</span> <span class='ocrx_word' id='word_1_177' title='bbox 415 1139 464 1166; x_wconf 79' lang='lat' dir='ltr'>est,</span> <span class='ocrx_word' id='word_1_178' title='bbox 478 1142 538 1159; x_wconf 90' lang='lat' dir='ltr'>cum</span> <span class='ocrx_word' id='word_1_179' title='bbox 553 1142 662 1170; x_wconf 83' lang='lat' dir='ltr'>prorsus</span> <span class='ocrx_word' id='word_1_180' title='bbox 678 1131 764 1159; x_wconf 89' lang='lat' dir='ltr'>simile</span> <span class='ocrx_word' id='word_1_181' title='bbox 781 1131 857 1160; x_wconf 86' lang='lat' dir='ltr'>nobis</span> <span class='ocrx_word' id='word_1_182' title='bbox 867 1132 912 1169; x_wconf 82' lang='lat' dir='ltr'>sit,</span> 
     </span>
     <span class='ocr_line' id='line_1_29' title="bbox 202 1170 915 1216; baseline 0.001 -18"><span class='ocrx_word' id='word_1_183' title='bbox 202 1171 293 1199; x_wconf 85' lang='lat' dir='ltr'>illud</span> <span class='ocrx_word' id='word_1_184' title='bbox 281 1182 374 1216; x_wconf 78' lang='lat' dir='ltr'>ipsum</span> <span class='ocrx_word' id='word_1_185' title='bbox 389 1178 508 1199; x_wconf 87' lang='lat' dir='ltr'>nostrum</span> <span class='ocrx_word' id='word_1_186' title='bbox 524 1177 572 1207; x_wconf 87' lang='lat' dir='ltr'>est,</span> <span class='ocrx_word' id='word_1_187' title='bbox 590 1170 663 1208; x_wconf 86' lang='lat' dir='ltr'>quod</span> <span class='ocrx_word' id='word_1_188' title='bbox 674 1181 779 1199; x_wconf 88' lang='lat' dir='ltr'>sursum</span> <span class='ocrx_word' id='word_1_189' title='bbox 794 1178 915 1200; x_wconf 87' lang='lat' dir='ltr'>evectum</span> 
     </span>
     <span class='ocr_line' id='line_1_30' title="bbox 202 1210 915 1250; baseline 0.001 -12"><span class='ocrx_word' id='word_1_190' title='bbox 202 1217 251 1240; x_wconf 84' lang='lat' dir='ltr'>est,</span> <span class='ocrx_word' id='word_1_191' title='bbox 268 1210 303 1239; x_wconf 86' lang='lat' dir='ltr'>Et</span> <span class='ocrx_word' id='word_1_192' title='bbox 318 1218 456 1250; x_wconf 82' lang='lat' dir='ltr'>propterca</span> <span class='ocrx_word' id='word_1_193' title='bbox 473 1211 660 1239; x_wconf 84' lang='lat' dir='ltr'>communibus</span> <span class='ocrx_word' id='word_1_194' title='bbox 674 1210 754 1238; x_wconf 89' lang='lat' dir='ltr'>hodie</span> <span class='ocrx_word' id='word_1_195' title='bbox 767 1210 854 1239; x_wconf 84' lang='lat' dir='ltr'>cuncti</span> <span class='ocrx_word' id='word_1_196' title='bbox 868 1222 915 1239; x_wconf 90' lang='grc' dir='ltr'>Υο-</span> 
     </span>
     <span class='ocr_line' id='line_1_31' title="bbox 203 1249 910 1296; baseline 0.001 -18"><span class='ocrx_word' id='word_1_197' title='bbox 203 1250 278 1278; x_wconf 82' lang='lat' dir='ltr'>cibus</span> <span class='ocrx_word' id='word_1_198' title='bbox 302 1251 447 1279; x_wconf 84' lang='lat' dir='ltr'>clamemus</span> <span class='ocrx_word' id='word_1_199' title='bbox 468 1250 656 1296; x_wconf 82' lang='lat' dir='ltr'>propheticum</span> <span class='ocrx_word' id='word_1_200' title='bbox 682 1250 750 1278; x_wconf 83' lang='lat' dir='ltr'>illud</span> <span class='ocrx_word' id='word_1_201' title='bbox 777 1249 880 1279; x_wconf 88' lang='lat' dir='ltr'>dictum</span> <span class='ocrx_word' id='word_1_202' title='bbox 905 1263 910 1279; x_wconf 95' lang='lat'>:</span> 
     </span>
     <span class='ocr_line' id='line_1_32' title="bbox 202 1290 915 1328; baseline 0.001 -11.021"><span class='ocrx_word' id='word_1_203' title='bbox 202 1290 344 1319; x_wconf 81' lang='lat' dir='ltr'>lscendrt</span> <span class='ocrx_word' id='word_1_204' title='bbox 364 1291 444 1319; x_wconf 81' lang='lat' dir='ltr'>Deus</span> <span class='ocrx_word' id='word_1_205' title='bbox 465 1292 496 1318; x_wconf 86' lang='lat' dir='ltr'>in</span> <span class='ocrx_word' id='word_1_206' title='bbox 512 1290 619 1328; x_wconf 80' lang='lat' dir='ltr'>Jubilo,</span> <span class='ocrx_word' id='word_1_207' title='bbox 637 1290 780 1318; x_wconf 77' lang='lat' dir='ltr'>Dominus</span> <span class='ocrx_word' id='word_1_208' title='bbox 798 1292 830 1318; x_wconf 83' lang='lat' dir='ltr'>in</span> <span class='ocrx_word' id='word_1_209' title='bbox 843 1300 915 1318; x_wconf 77' lang='lat' dir='ltr'>voce</span> 
     </span>
     <span class='ocr_line' id='line_1_33' title="bbox 202 1329 914 1374; baseline 0 -16"><span class='ocrx_word' id='word_1_210' title='bbox 202 1331 301 1358; x_wconf 71' lang='lat' dir='ltr'>talne.-</span> <span class='ocrx_word' id='word_1_211' title='bbox 317 1337 341 1358; x_wconf 86' lang='lat' dir='ltr'>et</span> <span class='ocrx_word' id='word_1_212' title='bbox 354 1330 509 1374; x_wconf 73' lang='lat' dir='ltr'>pra‘claram</span> <span class='ocrx_word' id='word_1_213' title='bbox 524 1329 591 1357; x_wconf 84' lang='lat' dir='ltr'>hanc</span> <span class='ocrx_word' id='word_1_214' title='bbox 603 1336 683 1367; x_wconf 87' lang='lat' dir='ltr'>atque</span> <span class='ocrx_word' id='word_1_215' title='bbox 696 1329 828 1358; x_wconf 80' lang='lat' dir='ltr'>illustrem</span> <span class='ocrx_word' id='word_1_216' title='bbox 843 1330 914 1358; x_wconf 89' lang='lat' dir='ltr'>cele-</span> 
     </span>
     <span class='ocr_line' id='line_1_34' title="bbox 200 1369 914 1414; baseline 0.001 -17"><span class='ocrx_word' id='word_1_217' title='bbox 200 1369 308 1397; x_wconf 83' lang='lat' dir='ltr'>bremus</span> <span class='ocrx_word' id='word_1_218' title='bbox 319 1369 501 1404; x_wconf 70' lang='lat' dir='ltr'>festivitatem,</span> <span class='ocrx_word' id='word_1_219' title='bbox 515 1379 576 1397; x_wconf 88' lang='lat' dir='ltr'>cum</span> <span class='ocrx_word' id='word_1_220' title='bbox 591 1379 681 1397; x_wconf 88' lang='lat' dir='ltr'>omnes</span> <span class='ocrx_word' id='word_1_221' title='bbox 693 1369 773 1397; x_wconf 86' lang='lat' dir='ltr'>simul</span> <span class='ocrx_word' id='word_1_222' title='bbox 789 1370 846 1414; x_wconf 76' lang='lat' dir='ltr'>ejus</span> <span class='ocrx_word' id='word_1_223' title='bbox 861 1369 914 1398; x_wconf 90' lang='lat' dir='ltr'>do-</span> 
     </span>
     <span class='ocr_line' id='line_1_35' title="bbox 201 1408 914 1448; baseline 0 -11"><span class='ocrx_word' id='word_1_224' title='bbox 201 1409 241 1437; x_wconf 89' lang='lat' dir='ltr'>nis</span> <span class='ocrx_word' id='word_1_225' title='bbox 262 1409 440 1448; x_wconf 71' lang='lat' dir='ltr'>perfruamur.</span> <span class='ocrx_word' id='word_1_226' title='bbox 460 1409 536 1438; x_wconf 86' lang='lat' dir='ltr'>Sicut</span> <span class='ocrx_word' id='word_1_227' title='bbox 554 1408 624 1437; x_wconf 86' lang='lat' dir='ltr'>enim</span> <span class='ocrx_word' id='word_1_228' title='bbox 643 1408 775 1447; x_wconf 84' lang='lat' dir='ltr'>benignus</span> <span class='ocrx_word' id='word_1_229' title='bbox 788 1409 847 1446; x_wconf 88' lang='lat' dir='ltr'>quis</span> <span class='ocrx_word' id='word_1_230' title='bbox 864 1408 914 1437; x_wconf 90' lang='lat' dir='ltr'>do-</span> 
     </span>
     <span class='ocr_line' id='line_1_36' title="bbox 201 1448 914 1492; baseline -0.001 -16"><span class='ocrx_word' id='word_1_231' title='bbox 201 1448 300 1484; x_wconf 84' lang='lat' dir='ltr'>minus,</span> <span class='ocrx_word' id='word_1_232' title='bbox 317 1459 408 1476; x_wconf 88' lang='lat' dir='ltr'>amans</span> <span class='ocrx_word' id='word_1_233' title='bbox 428 1448 559 1476; x_wconf 81' lang='lat' dir='ltr'>famulum</span> <span class='ocrx_word' id='word_1_234' title='bbox 574 1458 664 1484; x_wconf 84' lang='lat' dir='ltr'>suum,</span> <span class='ocrx_word' id='word_1_235' title='bbox 679 1448 714 1476; x_wconf 83' lang='grc'>01)</span> <span class='ocrx_word' id='word_1_236' title='bbox 728 1458 845 1476; x_wconf 68' lang='grc'>3111010111</span> <span class='ocrx_word' id='word_1_237' title='bbox 861 1458 914 1492; x_wconf 88' lang='lat' dir='ltr'>quo</span> 
     </span>
     <span class='ocr_line' id='line_1_37' title="bbox 200 1487 912 1523; baseline 0 -8"><span class='ocrx_word' id='word_1_238' title='bbox 200 1487 228 1515; x_wconf 91' lang='lat' dir='ltr'>in</span> <span class='ocrx_word' id='word_1_239' title='bbox 242 1498 303 1515; x_wconf 89' lang='lat' dir='ltr'>eum</span> <span class='ocrx_word' id='word_1_240' title='bbox 315 1488 408 1523; x_wconf 78' lang='lat' dir='ltr'>fer-‚tur</span> <span class='ocrx_word' id='word_1_241' title='bbox 424 1498 476 1516; x_wconf 90' lang='lat' dir='ltr'>non</span> <span class='ocrx_word' id='word_1_242' title='bbox 487 1494 589 1515; x_wconf 75' lang='lat' dir='ltr'>recusat</span> <span class='ocrx_word' id='word_1_243' title='bbox 605 1487 677 1515; x_wconf 90' lang='lat' dir='ltr'>illius</span> <span class='ocrx_word' id='word_1_244' title='bbox 691 1487 770 1515; x_wconf 88' lang='lat' dir='ltr'>etiam</span> <span class='ocrx_word' id='word_1_245' title='bbox 785 1494 856 1516; x_wconf 82' lang='lat' dir='ltr'>veste</span> <span class='ocrx_word' id='word_1_246' title='bbox 868 1498 912 1515; x_wconf 86' lang='lat' dir='ltr'>rn-</span> 
     </span>
     <span class='ocr_line' id='line_1_38' title="bbox 201 1526 913 1564; baseline 0.001 -10"><span class='ocrx_word' id='word_1_247' title='bbox 201 1526 248 1555; x_wconf 88' lang='lat' dir='ltr'>dui</span> <span class='ocrx_word' id='word_1_248' title='bbox 269 1527 327 1555; x_wconf 86' lang='lat' dir='ltr'>:ita</span> <span class='ocrx_word' id='word_1_249' title='bbox 348 1534 374 1555; x_wconf 87' lang='lat' dir='ltr'>et</span> <span class='ocrx_word' id='word_1_250' title='bbox 395 1527 527 1555; x_wconf 88' lang='lat' dir='ltr'>Dominus</span> <span class='ocrx_word' id='word_1_251' title='bbox 549 1533 635 1554; x_wconf 83' lang='lat' dir='ltr'>noster</span> <span class='ocrx_word' id='word_1_252' title='bbox 651 1526 782 1564; x_wconf 80' lang='lat' dir='ltr'>Christus,</span> <span class='ocrx_word' id='word_1_253' title='bbox 797 1533 913 1555; x_wconf 83' lang='lat' dir='ltr'>nostram</span> 
     </span>
     <span class='ocr_line' id='line_1_39' title="bbox 202 1566 913 1605; baseline 0.001 -12"><span class='ocrx_word' id='word_1_254' title='bbox 202 1577 293 1594; x_wconf 82' lang='lat' dir='ltr'>amans</span> <span class='ocrx_word' id='word_1_255' title='bbox 312 1573 444 1601; x_wconf 86' lang='lat' dir='ltr'>naturam,</span> <span class='ocrx_word' id='word_1_256' title='bbox 463 1566 681 1605; x_wconf 83' lang='lat' dir='ltr'>conspiciensque</span> <span class='ocrx_word' id='word_1_257' title='bbox 704 1566 729 1594; x_wconf 87' lang='lat' dir='ltr'>in</span> <span class='ocrx_word' id='word_1_258' title='bbox 751 1566 913 1605; x_wconf 84' lang='lat' dir='ltr'>profundum</span> 
     </span>
     <span class='ocr_line' id='line_1_40' title="bbox 200 1605 913 1645; baseline 0.001 -11"><span class='ocrx_word' id='word_1_259' title='bbox 200 1606 309 1634; x_wconf 65' lang='lat' dir='ltr'>malitiae</span> <span class='ocrx_word' id='word_1_260' title='bbox 324 1617 382 1634; x_wconf 91' lang='lat' dir='ltr'>eam</span> <span class='ocrx_word' id='word_1_261' title='bbox 396 1605 548 1645; x_wconf 80' lang='lat' dir='ltr'>delapsam,</span> <span class='ocrx_word' id='word_1_262' title='bbox 563 1605 716 1643; x_wconf 81' lang='lat' dir='ltr'>nullamque</span> <span class='ocrx_word' id='word_1_263' title='bbox 733 1606 826 1635; x_wconf 88' lang='lat' dir='ltr'>salutis</span> <span class='ocrx_word' id='word_1_264' title='bbox 840 1616 913 1645; x_wconf 86' lang='lat' dir='ltr'>spem</span> 
     </span>
     <span class='ocr_line' id='line_1_41' title="bbox 201 1645 912 1684; baseline 0.003 -11"><span class='ocrx_word' id='word_1_265' title='bbox 201 1645 253 1684; x_wconf 79' lang='lat' dir='ltr'>ipsi</span> <span class='ocrx_word' id='word_1_266' title='bbox 273 1656 327 1674; x_wconf 75' lang='lat' dir='ltr'>esse</span> <span class='ocrx_word' id='word_1_267' title='bbox 342 1646 486 1684; x_wconf 85' lang='lat' dir='ltr'>reliquam,</span> <span class='ocrx_word' id='word_1_268' title='bbox 505 1645 640 1683; x_wconf 85' lang='lat' dir='ltr'>multaque</span> <span class='ocrx_word' id='word_1_269' title='bbox 653 1645 817 1682; x_wconf 70' lang='lat' dir='ltr'>indulgentia</span> <span class='ocrx_word' id='word_1_270' title='bbox 839 1645 912 1675; x_wconf 85' lang='lat' dir='ltr'>indi-</span> 
     </span>
     <span class='ocr_line' id='line_1_42' title="bbox 202 1685 909 1724; baseline 0 -11"><span class='ocrx_word' id='word_1_271' title='bbox 202 1691 315 1722; x_wconf 73' lang='lat' dir='ltr'>gentem,</span> <span class='ocrx_word' id='word_1_272' title='bbox 331 1692 451 1713; x_wconf 86' lang='lat' dir='ltr'>nostrum</span> <span class='ocrx_word' id='word_1_273' title='bbox 467 1695 563 1724; x_wconf 86' lang='lat' dir='ltr'>corpus</span> <span class='ocrx_word' id='word_1_274' title='bbox 578 1695 710 1713; x_wconf 79' lang='lat' dir='ltr'>assumere</span> <span class='ocrx_word' id='word_1_275' title='bbox 722 1685 848 1723; x_wconf 77' lang='lat' dir='ltr'>dignatus</span> <span class='ocrx_word' id='word_1_276' title='bbox 862 1693 909 1714; x_wconf 81' lang='lat' dir='ltr'>est.</span> 
     </span>
     <span class='ocr_line' id='line_1_43' title="bbox 206 1724 913 1760; baseline 0.001 -8"><span class='ocrx_word' id='word_1_277' title='bbox 206 1726 237 1752; x_wconf 64' lang='lat' dir='ltr'>tit</span> <span class='ocrx_word' id='word_1_278' title='bbox 250 1724 350 1753; x_wconf 90' lang='lat' dir='ltr'>idcirco</span> <span class='ocrx_word' id='word_1_279' title='bbox 362 1735 423 1753; x_wconf 89' lang='lat' dir='ltr'>eum</span> <span class='ocrx_word' id='word_1_280' title='bbox 437 1735 463 1753; x_wconf 93' lang='lat' dir='ltr'>se</span> <span class='ocrx_word' id='word_1_281' title='bbox 475 1724 501 1753; x_wconf 92' lang='grc'>111</span> <span class='ocrx_word' id='word_1_282' title='bbox 520 1724 595 1752; x_wconf 82' lang='lat' dir='ltr'>terris</span> <span class='ocrx_word' id='word_1_283' title='bbox 609 1724 773 1760; x_wconf 84' lang='lat' dir='ltr'>ostendisset,</span> <span class='ocrx_word' id='word_1_284' title='bbox 789 1725 913 1753; x_wconf 81' lang='lat' dir='ltr'>mortales</span> 
     </span>
     <span class='ocr_line' id='line_1_44' title="bbox 203 1763 913 1799; baseline 0.001 -7"><span class='ocrx_word' id='word_1_285' title='bbox 203 1774 294 1792; x_wconf 90' lang='lat' dir='ltr'>omnes</span> <span class='ocrx_word' id='word_1_286' title='bbox 308 1765 342 1792; x_wconf 85' lang='lat' dir='ltr'>ab</span> <span class='ocrx_word' id='word_1_287' title='bbox 363 1774 450 1793; x_wconf 87' lang='lat' dir='ltr'>errore</span> <span class='ocrx_word' id='word_1_288' title='bbox 466 1764 601 1799; x_wconf 81' lang='lat' dir='ltr'>liberavit,</span> <span class='ocrx_word' id='word_1_289' title='bbox 620 1771 645 1792; x_wconf 88' lang='lat' dir='ltr'>et</span> <span class='ocrx_word' id='word_1_290' title='bbox 658 1763 694 1792; x_wconf 81' lang='lat' dir='ltr'>ad</span> <span class='ocrx_word' id='word_1_291' title='bbox 708 1764 844 1792; x_wconf 84' lang='lat' dir='ltr'>veritatem</span> <span class='ocrx_word' id='word_1_292' title='bbox 861 1771 913 1793; x_wconf 89' lang='lat' dir='ltr'>tra-</span> 
     </span>
     <span class='ocr_line' id='line_1_45' title="bbox 203 1803 914 1842; baseline 0.001 -11"><span class='ocrx_word' id='word_1_293' title='bbox 203 1803 282 1832; x_wconf 78' lang='lat' dir='ltr'>duxit</span> <span class='ocrx_word' id='word_1_294' title='bbox 304 1804 474 1842; x_wconf 86' lang='lat' dir='ltr'>:clamatque</span> <span class='ocrx_word' id='word_1_295' title='bbox 491 1803 518 1831; x_wconf 90' lang='grc'>111</span> <span class='ocrx_word' id='word_1_296' title='bbox 539 1803 692 1841; x_wconf 78' lang='lat' dir='ltr'>cvangelio,</span> <span class='ocrx_word' id='word_1_297' title='bbox 714 1803 804 1832; x_wconf 83' lang='lat' dir='ltr'>dicens</span> <span class='ocrx_word' id='word_1_298' title='bbox 825 1805 914 1832; x_wconf 80' lang='lat' dir='ltr'>:Non</span> 
     </span>
     <span class='ocr_line' id='line_1_46' title="bbox 206 1843 914 1882; baseline -0.001 -11"><span class='ocrx_word' id='word_1_299' title='bbox 206 1846 276 1871; x_wconf 74' lang='lat' dir='ltr'>veni</span> <span class='ocrx_word' id='word_1_300' title='bbox 287 1854 394 1872; x_wconf 76' lang='lat' dir='ltr'>vocare</span> <span class='ocrx_word' id='word_1_301' title='bbox 404 1846 509 1882; x_wconf 80' lang='lat' dir='ltr'>justos,</span> <span class='ocrx_word' id='word_1_302' title='bbox 521 1843 573 1871; x_wconf 81' lang='lat' dir='ltr'>sed</span> <span class='ocrx_word' id='word_1_303' title='bbox 582 1849 757 1881; x_wconf 74' lang='lat' dir='ltr'>peccatores,</span> <span class='ocrx_word' id='word_1_304' title='bbox 771 1843 812 1871; x_wconf 84' lang='lat' dir='ltr'>ad</span> <span class='ocrx_word' id='word_1_305' title='bbox 824 1845 914 1881; x_wconf 84' lang='lat' dir='ltr'>poenz&#39;-</span> 
     </span>
     <span class='ocr_line' id='line_1_47' title="bbox 204 1882 915 1921; baseline -0.001 -10"><span class='ocrx_word' id='word_1_306' title='bbox 204 1885 336 1911; x_wconf 76' lang='lat' dir='ltr'>tentiam.</span> <span class='ocrx_word' id='word_1_307' title='bbox 349 1883 431 1919; x_wconf 85' lang='lat' dir='ltr'>Quod</span> <span class='ocrx_word' id='word_1_308' title='bbox 443 1883 526 1921; x_wconf 78' lang='lat' dir='ltr'>igitur</span> <span class='ocrx_word' id='word_1_309' title='bbox 537 1882 633 1919; x_wconf 73' lang='lat' dir='ltr'>voluit,</span> <span class='ocrx_word' id='word_1_310' title='bbox 648 1882 743 1919; x_wconf 81' lang='lat' dir='ltr'>effecit,</span> <span class='ocrx_word' id='word_1_311' title='bbox 754 1882 915 1911; x_wconf 83' lang='lat' dir='ltr'>humanam-</span> 
     </span>
     <span class='ocr_line' id='line_1_48' title="bbox 203 1921 915 1961; baseline 0 -10"><span class='ocrx_word' id='word_1_312' title='bbox 203 1934 253 1960; x_wconf 85' lang='lat' dir='ltr'>que</span> <span class='ocrx_word' id='word_1_313' title='bbox 271 1930 394 1951; x_wconf 86' lang='lat' dir='ltr'>naturam</span> <span class='ocrx_word' id='word_1_314' title='bbox 412 1922 487 1951; x_wconf 86' lang='lat' dir='ltr'>humi</span> <span class='ocrx_word' id='word_1_315' title='bbox 500 1922 632 1961; x_wconf 81' lang='lat' dir='ltr'>jacentem</span> <span class='ocrx_word' id='word_1_316' title='bbox 653 1921 746 1957; x_wconf 74' lang='lat' dir='ltr'>erexit,</span> <span class='ocrx_word' id='word_1_317' title='bbox 760 1928 915 1960; x_wconf 83' lang='lat' dir='ltr'>tantamque</span> 
     </span>
     <span class='ocr_line' id='line_1_49' title="bbox 202 1962 915 2000; baseline 0.001 -10"><span class='ocrx_word' id='word_1_318' title='bbox 202 1962 396 1991; x_wconf 85' lang='lat' dir='ltr'>humanitatem</span> <span class='ocrx_word' id='word_1_319' title='bbox 409 1962 586 2000; x_wconf 73' lang='lat' dir='ltr'>exlribuit‚1=t</span> <span class='ocrx_word' id='word_1_320' title='bbox 598 1972 688 1990; x_wconf 88' lang='lat' dir='ltr'>rerum</span> <span class='ocrx_word' id='word_1_321' title='bbox 700 1968 832 2000; x_wconf 81' lang='lat' dir='ltr'>gestarum</span> <span class='ocrx_word' id='word_1_322' title='bbox 848 1962 915 1991; x_wconf 85' lang='lat' dir='ltr'>ratio</span> 
     </span>
     <span class='ocr_line' id='line_1_50' title="bbox 202 2001 915 2046; baseline 0 -16"><span class='ocrx_word' id='word_1_323' title='bbox 202 2001 318 2030; x_wconf 88' lang='lat' dir='ltr'>humana</span> <span class='ocrx_word' id='word_1_324' title='bbox 330 2002 490 2046; x_wconf 79' lang='lat' dir='ltr'>cogitatione</span> <span class='ocrx_word' id='word_1_325' title='bbox 500 2008 613 2040; x_wconf 81' lang='lat' dir='ltr'>nequeat</span> <span class='ocrx_word' id='word_1_326' title='bbox 624 2001 824 2040; x_wconf 71' lang='lat' dir='ltr'>comprehendi</span> <span class='ocrx_word' id='word_1_327' title='bbox 842 2001 915 2036; x_wconf 89' lang='lat' dir='ltr'>Quo-</span> 
     </span>
     <span class='ocr_line' id='line_1_51' title="bbox 204 2040 915 2079; baseline 0.001 -11"><span class='ocrx_word' id='word_1_328' title='bbox 204 2041 284 2069; x_wconf 86' lang='lat' dir='ltr'>modo</span> <span class='ocrx_word' id='word_1_329' title='bbox 305 2052 389 2075; x_wconf 83' lang='grc'>0111111,</span> <span class='ocrx_word' id='word_1_330' title='bbox 409 2041 454 2070; x_wconf 83' lang='lat' dir='ltr'>dic</span> <span class='ocrx_word' id='word_1_331' title='bbox 476 2041 619 2077; x_wconf 87' lang='grc'>1111111,1105</span> <span class='ocrx_word' id='word_1_332' title='bbox 643 2052 689 2079; x_wconf 86' lang='lat' dir='ltr'>qur</span> <span class='ocrx_word' id='word_1_333' title='bbox 710 2040 915 2077; x_wconf 79' lang='lat' dir='ltr'>offenderamus,</span> 
     </span>
     <span class='ocr_line' id='line_1_52' title="bbox 204 2080 914 2124; baseline 0.001 -17"><span class='ocrx_word' id='word_1_334' title='bbox 204 2081 303 2124; x_wconf 72' lang='lat' dir='ltr'>quique</span> <span class='ocrx_word' id='word_1_335' title='bbox 318 2081 462 2120; x_wconf 75' lang='lat' dir='ltr'>ipsretiam</span> <span class='ocrx_word' id='word_1_336' title='bbox 478 2088 546 2109; x_wconf 81' lang='lat' dir='ltr'>terra</span> <span class='ocrx_word' id='word_1_337' title='bbox 560 2080 719 2110; x_wconf 83' lang='lat' dir='ltr'>videbamur</span> <span class='ocrx_word' id='word_1_338' title='bbox 733 2080 847 2119; x_wconf 84' lang='lat' dir='ltr'>indigni,</span> <span class='ocrx_word' id='word_1_339' title='bbox 861 2087 886 2108; x_wconf 89' lang='lat' dir='ltr'>et</span> <span class='ocrx_word' id='word_1_340' title='bbox 899 2091 914 2109; x_wconf 89' lang='lat' dir='ltr'>a</span> 
     </span>
     <span class='ocr_line' id='line_1_53' title="bbox 204 2119 915 2158; baseline 0.001 -11"><span class='ocrx_word' id='word_1_341' title='bbox 204 2119 355 2158; x_wconf 79' lang='lat' dir='ltr'>principatu</span> <span class='ocrx_word' id='word_1_342' title='bbox 380 2121 506 2149; x_wconf 88' lang='lat' dir='ltr'>deorsum</span> <span class='ocrx_word' id='word_1_343' title='bbox 533 2120 718 2149; x_wconf 82' lang='lat' dir='ltr'>excideramus</span> <span class='ocrx_word' id='word_1_344' title='bbox 731 2142 738 2155; x_wconf 90' lang='lat'><strong>‚</strong></span> <span class='ocrx_word' id='word_1_345' title='bbox 760 2120 795 2148; x_wconf 86' lang='lat' dir='ltr'>ad</span> <span class='ocrx_word' id='word_1_346' title='bbox 815 2126 915 2148; x_wconf 82' lang='lat' dir='ltr'>tantam</span> 
     </span>
     <span class='ocr_line' id='line_1_54' title="bbox 205 2159 914 2199; baseline 0.003 -13"><span class='ocrx_word' id='word_1_347' title='bbox 205 2159 388 2188; x_wconf 78' lang='lat' dir='ltr'>celsitudinem</span> <span class='ocrx_word' id='word_1_348' title='bbox 410 2167 517 2199; x_wconf 84' lang='lat' dir='ltr'>repente</span> <span class='ocrx_word' id='word_1_349' title='bbox 535 2171 627 2189; x_wconf 86' lang='lat' dir='ltr'>snmus</span> <span class='ocrx_word' id='word_1_350' title='bbox 645 2160 818 2197; x_wconf 61' lang='grc' dir='ltr'>0110011911υο</span> <span class='ocrx_word' id='word_1_351' title='bbox 837 2167 914 2198; x_wconf 79' lang='lat' dir='ltr'>pacto</span> 
     </span>
     <span class='ocr_line' id='line_1_55' title="bbox 203 2197 915 2238; baseline 0.001 -12"><span class='ocrx_word' id='word_1_352' title='bbox 203 2197 306 2226; x_wconf 86' lang='lat' dir='ltr'>bellum</span> <span class='ocrx_word' id='word_1_353' title='bbox 327 2199 468 2228; x_wconf 69' lang='lat' dir='ltr'>solutum?</span> <span class='ocrx_word' id='word_1_354' title='bbox 490 2210 543 2237; x_wconf 90' lang='lat' dir='ltr'>quo</span> <span class='ocrx_word' id='word_1_355' title='bbox 565 2206 641 2238; x_wconf 83' lang='lat' dir='ltr'>pacto</span> <span class='ocrx_word' id='word_1_356' title='bbox 666 2199 704 2228; x_wconf 83' lang='lat' dir='ltr'>ira</span> <span class='ocrx_word' id='word_1_357' title='bbox 726 2199 830 2228; x_wconf 83' lang='lat' dir='ltr'>sublata</span> <span class='ocrx_word' id='word_1_358' title='bbox 851 2199 915 2228; x_wconf 74' lang='lat' dir='ltr'>est?</span> 
     </span>
     <span class='ocr_line' id='line_1_56' title="bbox 206 2237 916 2278; baseline 0.001 -12"><span class='ocrx_word' id='word_1_359' title='bbox 206 2237 372 2266; x_wconf 85' lang='lat' dir='ltr'>Admirabile</span> <span class='ocrx_word' id='word_1_360' title='bbox 384 2239 453 2267; x_wconf 87' lang='lat' dir='ltr'>enim</span> <span class='ocrx_word' id='word_1_361' title='bbox 474 2239 525 2267; x_wconf 91' lang='lat' dir='ltr'>hoc</span> <span class='ocrx_word' id='word_1_362' title='bbox 539 2246 588 2275; x_wconf 85' lang='lat' dir='ltr'>est,</span> <span class='ocrx_word' id='word_1_363' title='bbox 606 2246 631 2267; x_wconf 89' lang='lat' dir='ltr'>et</span> <span class='ocrx_word' id='word_1_364' title='bbox 646 2239 718 2267; x_wconf 89' lang='lat' dir='ltr'>omni</span> <span class='ocrx_word' id='word_1_365' title='bbox 735 2246 843 2278; x_wconf 86' lang='lat' dir='ltr'>stupore</span> <span class='ocrx_word' id='word_1_366' title='bbox 861 2239 916 2278; x_wconf 88' lang='lat' dir='ltr'>ple-</span> 
     </span>
     <span class='ocr_line' id='line_1_57' title="bbox 203 2276 915 2316; baseline 0.003 -11"><span class='ocrx_word' id='word_1_367' title='bbox 203 2276 359 2314; x_wconf 68' lang='grc'>11155111111111,</span> <span class='ocrx_word' id='word_1_368' title='bbox 382 2288 468 2316; x_wconf 78' lang='lat' dir='ltr'>quoni</span> <span class='ocrx_word' id='word_1_369' title='bbox 465 2289 507 2306; x_wconf 81' lang='grc'>1111</span> <span class='ocrx_word' id='word_1_370' title='bbox 529 2288 579 2306; x_wconf 87' lang='lat' dir='ltr'>non</span> <span class='ocrx_word' id='word_1_371' title='bbox 600 2279 800 2307; x_wconf 84' lang='lat' dir='ltr'>accurrentibus</span> <span class='ocrx_word' id='word_1_372' title='bbox 821 2278 915 2314; x_wconf 86' lang='lat' dir='ltr'>nobis,</span> 
     </span>
     <span class='ocr_line' id='line_1_58' title="bbox 203 2315 916 2357; baseline 0.003 -13.003"><span class='ocrx_word' id='word_1_373' title='bbox 203 2315 272 2344; x_wconf 82' lang='lat' dir='ltr'>scd&#39;</span> <span class='ocrx_word' id='word_1_374' title='bbox 265 2327 322 2356; x_wconf 81' lang='lat' dir='ltr'>ipso</span> <span class='ocrx_word' id='word_1_375' title='bbox 337 2317 481 2356; x_wconf 84' lang='lat' dir='ltr'>quijuste&#39;</span> <span class='ocrx_word' id='word_1_376' title='bbox 474 2328 501 2346; x_wconf 90' lang='grc'>111</span> <span class='ocrx_word' id='word_1_377' title='bbox 514 2327 561 2345; x_wconf 82' lang='grc'>1105</span> <span class='ocrx_word' id='word_1_378' title='bbox 572 2317 763 2356; x_wconf 83' lang='lat' dir='ltr'>indignabatur</span> <span class='ocrx_word' id='word_1_379' title='bbox 776 2328 825 2357; x_wconf 87' lang='lat' dir='ltr'>pro</span> <span class='ocrx_word' id='word_1_380' title='bbox 840 2318 916 2346; x_wconf 88' lang='lat' dir='ltr'>nobis</span> 
     </span>
     <span class='ocr_line' id='line_1_59' title="bbox 204 2356 915 2395; baseline 0.001 -11"><span class='ocrx_word' id='word_1_381' title='bbox 204 2356 397 2391; x_wconf 80' lang='lat' dir='ltr'>intercedente,</span> <span class='ocrx_word' id='word_1_382' title='bbox 424 2367 478 2395; x_wconf 85' lang='lat' dir='ltr'>pax</span> <span class='ocrx_word' id='word_1_383' title='bbox 502 2356 570 2385; x_wconf 84' lang='lat' dir='ltr'>sacta</span> <span class='ocrx_word' id='word_1_384' title='bbox 598 2364 646 2385; x_wconf 88' lang='lat' dir='ltr'>est.</span> <span class='ocrx_word' id='word_1_385' title='bbox 670 2357 749 2385; x_wconf 90' lang='lat' dir='ltr'>Unde</span> <span class='ocrx_word' id='word_1_386' title='bbox 769 2364 795 2385; x_wconf 89' lang='lat' dir='ltr'>et</span> <span class='ocrx_word' id='word_1_387' title='bbox 816 2357 915 2386; x_wconf 84' lang='lat' dir='ltr'>Paulus</span> 
     </span>
     <span class='ocr_line' id='line_1_60' title="bbox 205 2395 916 2436; baseline 0.003 -13"><span class='ocrx_word' id='word_1_388' title='bbox 205 2395 313 2431; x_wconf 84' lang='lat' dir='ltr'>clamat,</span> <span class='ocrx_word' id='word_1_389' title='bbox 335 2396 450 2425; x_wconf 87' lang='lat' dir='ltr'>dicens:</span> <span class='ocrx_word' id='word_1_390' title='bbox 467 2398 526 2424; x_wconf 89' lang='lat' dir='ltr'>Pro</span> <span class='ocrx_word' id='word_1_391' title='bbox 547 2397 662 2425; x_wconf 76' lang='lat' dir='ltr'>Christo</span> <span class='ocrx_word' id='word_1_392' title='bbox 685 2397 826 2435; x_wconf 75' lang='lat' dir='ltr'>legatione</span> <span class='ocrx_word' id='word_1_393' title='bbox 841 2397 916 2436; x_wconf 78' lang='lat' dir='ltr'>fim-</span> 
     </span>
     <span class='ocr_line' id='line_1_61' title="bbox 203 2436 913 2481; baseline 0 -18"><span class='ocrx_word' id='word_1_394' title='bbox 203 2437 486 2481; x_wconf 61' lang='lat' dir='ltr'>gt&#39;rrr1rr·,ta171qrtanz</span> <span class='ocrx_word' id='word_1_395' title='bbox 507 2436 571 2464; x_wconf 80' lang='lat' dir='ltr'>Deo</span> <span class='ocrx_word' id='word_1_396' title='bbox 594 2437 766 2464; x_wconf 69' lang='lat' dir='ltr'>exhortante</span> <span class='ocrx_word' id='word_1_397' title='bbox 784 2447 835 2474; x_wconf 76' lang='lat' dir='ltr'>per</span> <span class='ocrx_word' id='word_1_398' title='bbox 854 2447 913 2464; x_wconf 83' lang='lat' dir='ltr'>nos</span> 
     </span>
     <span class='ocr_line' id='line_1_62' title="bbox 205 2475 913 2514; baseline -0.001 -10"><span class='ocrx_word' id='word_1_399' title='bbox 205 2475 291 2504; x_wconf 83' lang='lat' dir='ltr'>Vides</span> <span class='ocrx_word' id='word_1_400' title='bbox 301 2486 354 2513; x_wconf 68' lang='lat' dir='ltr'>sag·</span> <span class='ocrx_word' id='word_1_401' title='bbox 355 2476 497 2504; x_wconf 77' lang='lat' dir='ltr'>icissrmam</span> <span class='ocrx_word' id='word_1_402' title='bbox 510 2475 558 2503; x_wconf 89' lang='lat' dir='ltr'>Dei</span> <span class='ocrx_word' id='word_1_403' title='bbox 568 2475 745 2514; x_wconf 71' lang='lat' dir='ltr'>sapientiam?</span> <span class='ocrx_word' id='word_1_404' title='bbox 756 2486 799 2503; x_wconf 82' lang='lat' dir='ltr'>cer</span> <span class='ocrx_word' id='word_1_405' title='bbox 801 2486 840 2503; x_wconf 87' lang='grc'>1115</span> <span class='ocrx_word' id='word_1_406' title='bbox 849 2475 913 2503; x_wconf 68' lang='lat' dir='ltr'>ines«</span> 
     </span>
     <span class='ocr_line' id='line_1_63' title="bbox 203 2514 913 2553; baseline 0.003 -12"><span class='ocrx_word' id='word_1_407' title='bbox 203 2514 311 2543; x_wconf 76' lang='lat' dir='ltr'>srbileur</span> <span class='ocrx_word' id='word_1_408' title='bbox 328 2515 435 2544; x_wconf 80' lang='lat' dir='ltr'>Domini</span> <span class='ocrx_word' id='word_1_409' title='bbox 450 2515 663 2553; x_wconf 79' lang='lat' dir='ltr'>benignitatem?</span> <span class='ocrx_word' id='word_1_410' title='bbox 677 2515 763 2543; x_wconf 87' lang='lat' dir='ltr'>cernis</span> <span class='ocrx_word' id='word_1_411' title='bbox 779 2515 913 2543; x_wconf 81' lang='lat' dir='ltr'>excellen-</span> 
     </span>
     <span class='ocr_line' id='line_1_64' title="bbox 203 2554 913 2594; baseline 0.003 -13"><span class='ocrx_word' id='word_1_412' title='bbox 203 2560 254 2582; x_wconf 73' lang='lat' dir='ltr'>tem</span> <span class='ocrx_word' id='word_1_413' title='bbox 270 2555 354 2593; x_wconf 83' lang='lat' dir='ltr'>ipsius</span> <span class='ocrx_word' id='word_1_414' title='bbox 368 2554 582 2594; x_wconf 65' lang='lat' dir='ltr'>providentiam?</span> <span class='ocrx_word' id='word_1_415' title='bbox 594 2555 671 2583; x_wconf 86' lang='lat' dir='ltr'>Nunc</span> <span class='ocrx_word' id='word_1_416' title='bbox 685 2554 810 2583; x_wconf 68' lang='lat' dir='ltr'>stimulrs</span> <span class='ocrx_word' id='word_1_417' title='bbox 822 2555 913 2583; x_wconf 76' lang='lat' dir='ltr'>mortis</span> 
     </span>
    </p>
   </div>
   <div class='ocr_carea' id='block_1_6' title="bbox 909 159 1037 184">
    <p class='ocr_par' dir='ltr' id='par_1_6' title="bbox 909 159 1037 184">
     <span class='ocr_line' id='line_1_65' title="bbox 909 159 1037 184; baseline 0.009 -1"><span class='ocrx_word' id='word_1_418' title='bbox 909 159 1037 184; x_wconf 74' lang='lat' dir='ltr'>SPURIA.</span> 
     </span>
    </p>
   </div>
   <div class='ocr_carea' id='block_1_7' title="bbox 968 223 1740 2592">
    <p class='ocr_par' dir='ltr' id='par_1_7' title="bbox 969 223 1740 501">
     <span class='ocr_line' id='line_1_66' title="bbox 969 223 1739 276; baseline 0.006 -26"><span class='ocrx_word' id='word_1_419' title='bbox 969 223 1013 251; x_wconf 81' lang='grc' dir='ltr'>τὸν</span> <span class='ocrx_word' id='word_1_420' title='bbox 1032 223 1189 261; x_wconf 78' lang='grc' dir='ltr'>παράδεισον</span> <span class='ocrx_word' id='word_1_421' title='bbox 1205 224 1238 252; x_wconf 81' lang='grc' dir='ltr'>τὰ</span> <span class='ocrx_word' id='word_1_422' title='bbox 1259 224 1409 274; x_wconf 67' lang='grc' dir='ltr'>Χερουῦιμ,</span> <span class='ocrx_word' id='word_1_423' title='bbox 1426 227 1561 276; x_wconf 77' lang='grc' dir='ltr'>ἑπρχεῖται</span> <span class='ocrx_word' id='word_1_424' title='bbox 1577 236 1739 264; x_wconf 76' lang='grc' dir='ltr'>προσκυνου-</span> 
     </span>
     <span class='ocr_line' id='line_1_67' title="bbox 971 262 1739 302; baseline 0.004 -12"><span class='ocrx_word' id='word_1_425' title='bbox 971 263 1046 299; x_wconf 81' lang='grc' dir='ltr'>μένη.</span> <span class='ocrx_word' id='word_1_426' title='bbox 1061 262 1094 291; x_wconf 79' lang='lat' dir='ltr'>&#39;E</span> <span class='ocrx_word' id='word_1_427' title='bbox 1096 264 1149 291; x_wconf 87' lang='grc' dir='ltr'>κπλ</span> <span class='ocrx_word' id='word_1_428' title='bbox 1151 263 1334 301; x_wconf 75' lang='grc' dir='ltr'>άγηθιτοίνυν,</span> <span class='ocrx_word' id='word_1_429' title='bbox 1349 264 1482 302; x_wconf 77' lang='grc' dir='ltr'>ἀγαπητὲ,</span> <span class='ocrx_word' id='word_1_430' title='bbox 1495 267 1539 293; x_wconf 77' lang='grc' dir='ltr'>τοῦ</span> <span class='ocrx_word' id='word_1_431' title='bbox 1549 265 1683 293; x_wconf 83' lang='grc' dir='ltr'>Δεσπότου</span> <span class='ocrx_word' id='word_1_432' title='bbox 1695 277 1739 294; x_wconf 83' lang='grc' dir='ltr'>σου</span> 
     </span>
     <span class='ocr_line' id='line_1_68' title="bbox 971 301 1739 350; baseline 0.003 -20"><span class='ocrx_word' id='word_1_433' title='bbox 971 302 1000 330; x_wconf 81' lang='grc' dir='ltr'>τὸ</span> <span class='ocrx_word' id='word_1_434' title='bbox 1014 301 1176 350; x_wconf 67' lang='grc' dir='ltr'>εὐμήχανον,</span> <span class='ocrx_word' id='word_1_435' title='bbox 1194 315 1238 331; x_wconf 82' lang='grc' dir='ltr'>και</span> <span class='ocrx_word' id='word_1_436' title='bbox 1260 303 1363 336; x_wconf 76' lang='grc' dir='ltr'>δόξασον</span> <span class='ocrx_word' id='word_1_437' title='bbox 1378 304 1421 332; x_wconf 75' lang='grc' dir='ltr'>τὸν</span> <span class='ocrx_word' id='word_1_438' title='bbox 1437 304 1550 333; x_wconf 80' lang='grc' dir='ltr'>τοσαῦτά</span> <span class='ocrx_word' id='word_1_439' title='bbox 1569 316 1610 332; x_wconf 78' lang='grc' dir='ltr'>σοι</span> <span class='ocrx_word' id='word_1_440' title='bbox 1626 306 1739 343; x_wconf 78' lang='grc' dir='ltr'>χαρισά-</span> 
     </span>
     <span class='ocr_line' id='line_1_69' title="bbox 972 341 1740 382; baseline 0.004 -13"><span class='ocrx_word' id='word_1_441' title='bbox 972 353 1057 378; x_wconf 79' lang='grc' dir='ltr'>μενον.</span> <span class='ocrx_word' id='word_1_442' title='bbox 1075 341 1206 379; x_wconf 60' lang='grc' dir='ltr'>Ὑπερέὶη</span> <span class='ocrx_word' id='word_1_443' title='bbox 1233 343 1284 381; x_wconf 74' lang='grc' dir='ltr'>γὰρ</span> <span class='ocrx_word' id='word_1_444' title='bbox 1301 345 1317 377; x_wconf 88' lang='grc' dir='ltr'>ἡ</span> <span class='ocrx_word' id='word_1_445' title='bbox 1340 343 1476 382; x_wconf 82' lang='grc' dir='ltr'>φιλοτιμία</span> <span class='ocrx_word' id='word_1_446' title='bbox 1500 346 1546 378; x_wconf 71' lang='grc' dir='ltr'>τῆς</span> <span class='ocrx_word' id='word_1_447' title='bbox 1574 345 1671 379; x_wconf 74' lang='grc' dir='ltr'>δωρεᾶς</span> <span class='ocrx_word' id='word_1_448' title='bbox 1693 346 1740 378; x_wconf 79' lang='grc' dir='ltr'>τῆς</span> 
     </span>
     <span class='ocr_line' id='line_1_70' title="bbox 971 380 1738 432; baseline 0.004 -24"><span class='ocrx_word' id='word_1_449' title='bbox 971 380 1065 418; x_wconf 80' lang='grc' dir='ltr'>ζημίας</span> <span class='ocrx_word' id='word_1_450' title='bbox 1087 381 1117 410; x_wconf 84' lang='grc' dir='ltr'>τὸ</span> <span class='ocrx_word' id='word_1_451' title='bbox 1135 381 1252 420; x_wconf 77' lang='grc' dir='ltr'>μέγεθος.</span> <span class='ocrx_word' id='word_1_452' title='bbox 1266 382 1339 420; x_wconf 71' lang='grc' dir='ltr'>υΟροι</span> <span class='ocrx_word' id='word_1_453' title='bbox 1353 383 1418 421; x_wconf 86' lang='grc' dir='ltr'>γὰρ,</span> <span class='ocrx_word' id='word_1_454' title='bbox 1434 383 1593 432; x_wconf 71' lang='grc' dir='ltr'>παραδεισου</span> <span class='ocrx_word' id='word_1_455' title='bbox 1611 387 1677 421; x_wconf 81' lang='grc' dir='ltr'>ἠμεν</span> <span class='ocrx_word' id='word_1_456' title='bbox 1697 384 1738 411; x_wconf 80' lang='grc' dir='ltr'>ἕκ-</span> 
     </span>
     <span class='ocr_line' id='line_1_71' title="bbox 970 420 1739 461; baseline 0.003 -13"><span class='ocrx_word' id='word_1_457' title='bbox 970 420 1107 456; x_wconf 78' lang='grc' dir='ltr'>πεσόντες,</span> <span class='ocrx_word' id='word_1_458' title='bbox 1122 432 1166 449; x_wconf 89' lang='grc' dir='ltr'>και</span> <span class='ocrx_word' id='word_1_459' title='bbox 1179 423 1213 454; x_wconf 87' lang='grc' dir='ltr'>εἰς</span> <span class='ocrx_word' id='word_1_460' title='bbox 1226 421 1302 450; x_wconf 84' lang='grc' dir='ltr'>αυτὸν</span> <span class='ocrx_word' id='word_1_461' title='bbox 1314 422 1357 449; x_wconf 78' lang='grc' dir='ltr'>τὸν</span> <span class='ocrx_word' id='word_1_462' title='bbox 1369 422 1472 460; x_wconf 78' lang='grc' dir='ltr'>οὐρανον</span> <span class='ocrx_word' id='word_1_463' title='bbox 1487 422 1652 461; x_wconf 59' lang='grc' dir='ltr'>ἀνήχθημεν·</span> <span class='ocrx_word' id='word_1_464' title='bbox 1664 423 1739 451; x_wconf 84' lang='grc' dir='ltr'>θανά-</span> 
     </span>
     <span class='ocr_line' id='line_1_72' title="bbox 969 460 1736 512; baseline 0.004 -25"><span class='ocrx_word' id='word_1_465' title='bbox 969 471 1006 498; x_wconf 86' lang='grc' dir='ltr'>τῳ</span> <span class='ocrx_word' id='word_1_466' title='bbox 1021 460 1261 502; x_wconf 73' lang='grc' dir='ltr'>κατεδικάσθημεν,</span> <span class='ocrx_word' id='word_1_467' title='bbox 1275 460 1342 489; x_wconf 71' lang='lat' dir='ltr'>xal‘</span> <span class='ocrx_word' id='word_1_468' title='bbox 1330 472 1345 495; x_wconf 86' lang='grc' dir='ltr'>·Γ,</span> <span class='ocrx_word' id='word_1_469' title='bbox 1357 461 1484 490; x_wconf 84' lang='grc' dir='ltr'>ἀθανασία</span> <span class='ocrx_word' id='word_1_470' title='bbox 1498 464 1561 510; x_wconf 79' lang='grc' dir='ltr'>ἡμῖν</span> <span class='ocrx_word' id='word_1_471' title='bbox 1577 462 1736 512; x_wconf 75' lang='grc' dir='ltr'>δεδώρηται·</span> 
     </span>
    </p>

    <p class='ocr_par' dir='ltr' id='par_1_8' title="bbox 968 500 1740 2592">
     <span class='ocr_line' id='line_1_73' title="bbox 970 500 1740 551; baseline 0.003 -23"><span class='ocrx_word' id='word_1_472' title='bbox 970 500 1206 537; x_wconf 79' lang='grc' dir='ltr'>προσκεκρουκότες</span> <span class='ocrx_word' id='word_1_473' title='bbox 1222 513 1288 538; x_wconf 84' lang='grc' dir='ltr'>ημεν</span> <span class='ocrx_word' id='word_1_474' title='bbox 1310 512 1355 529; x_wconf 89' lang='grc' dir='ltr'>και</span> <span class='ocrx_word' id='word_1_475' title='bbox 1375 501 1576 551; x_wconf 74' lang='grc' dir='ltr'>ἀπερριμμένοι,</span> <span class='ocrx_word' id='word_1_476' title='bbox 1599 502 1644 530; x_wconf 82' lang='grc' dir='ltr'>καὶ</span> <span class='ocrx_word' id='word_1_477' title='bbox 1669 501 1740 534; x_wconf 80' lang='grc' dir='ltr'>υἱοὺς</span> 
     </span>
     <span class='ocr_line' id='line_1_74' title="bbox 970 539 1739 587; baseline 0.004 -20"><span class='ocrx_word' id='word_1_478' title='bbox 970 540 1040 576; x_wconf 71' lang='grc' dir='ltr'>ἡμᾶς</span> <span class='ocrx_word' id='word_1_479' title='bbox 1052 539 1162 568; x_wconf 80' lang='grc' dir='ltr'>καλέσαι</span> <span class='ocrx_word' id='word_1_480' title='bbox 1175 540 1352 575; x_wconf 82' lang='grc' dir='ltr'>κατηξίωσεν,</span> <span class='ocrx_word' id='word_1_481' title='bbox 1367 552 1412 568; x_wconf 83' lang='grc' dir='ltr'>και</span> <span class='ocrx_word' id='word_1_482' title='bbox 1424 541 1473 587; x_wconf 71' lang='grc' dir='ltr'>οὐχ</span> <span class='ocrx_word' id='word_1_483' title='bbox 1484 539 1551 572; x_wconf 79' lang='grc' dir='ltr'>υἷους</span> <span class='ocrx_word' id='word_1_484' title='bbox 1570 541 1655 578; x_wconf 85' lang='grc' dir='ltr'>μόνον,</span> <span class='ocrx_word' id='word_1_485' title='bbox 1671 541 1739 570; x_wconf 82' lang='grc' dir='ltr'>ἀλλὰ</span> 
     </span>
     <span class='ocr_line' id='line_1_75' title="bbox 970 573 1738 628; baseline 0.004 -22"><span class='ocrx_word' id='word_1_486' title='bbox 970 578 1014 606; x_wconf 82' lang='grc' dir='ltr'>καὶ</span> <span class='ocrx_word' id='word_1_487' title='bbox 1034 578 1226 628; x_wconf 75' lang='grc' dir='ltr'>κληρονόμους,</span> <span class='ocrx_word' id='word_1_488' title='bbox 1243 580 1287 608; x_wconf 78' lang='grc' dir='ltr'>καὶ</span> <span class='ocrx_word' id='word_1_489' title='bbox 1310 581 1338 608; x_wconf 76' lang='grc' dir='ltr'>οὐ</span> <span class='ocrx_word' id='word_1_490' title='bbox 1359 573 1535 627; x_wconf 72' lang='grc' dir='ltr'>κληρονοαους</span> <span class='ocrx_word' id='word_1_491' title='bbox 1565 580 1655 618; x_wconf 74' lang='grc' dir='ltr'>μόιον,</span> <span class='ocrx_word' id='word_1_492' title='bbox 1671 580 1738 609; x_wconf 81' lang='grc' dir='ltr'>ἀλλα</span> 
     </span>
     <span class='ocr_line' id='line_1_76' title="bbox 970 618 1738 670; baseline 0.004 -25"><span class='ocrx_word' id='word_1_493' title='bbox 970 628 1014 645; x_wconf 83' lang='grc' dir='ltr'>και</span> <span class='ocrx_word' id='word_1_494' title='bbox 1028 618 1254 670; x_wconf 75' lang='grc' dir='ltr'>συγκὶηρονόμους</span> <span class='ocrx_word' id='word_1_495' title='bbox 1269 620 1395 670; x_wconf 72' lang='grc' dir='ltr'>Χριστοῦ</span> <span class='ocrx_word' id='word_1_496' title='bbox 1411 618 1464 647; x_wconf 72' lang='grc' dir='ltr'>Ιδε</span> <span class='ocrx_word' id='word_1_497' title='bbox 1481 621 1536 651; x_wconf 73' lang='grc' dir='ltr'>πῢς</span> <span class='ocrx_word' id='word_1_498' title='bbox 1560 620 1665 657; x_wconf 81' lang='grc' dir='ltr'>μείζονα</span> <span class='ocrx_word' id='word_1_499' title='bbox 1685 622 1738 648; x_wconf 82' lang='grc' dir='ltr'>τῶν</span> 
     </span>
     <span class='ocr_line' id='line_1_77' title="bbox 969 657 1737 708; baseline 0.003 -23"><span class='ocrx_word' id='word_1_500' title='bbox 969 657 1161 705; x_wconf 64' lang='grc' dir='ltr'>ἀψαιρεθέντων</span> <span class='ocrx_word' id='word_1_501' title='bbox 1175 659 1207 687; x_wconf 87' lang='grc' dir='ltr'>τὰ</span> <span class='ocrx_word' id='word_1_502' title='bbox 1223 658 1296 697; x_wconf 75' lang='grc' dir='ltr'>παρὰ</span> <span class='ocrx_word' id='word_1_503' title='bbox 1310 662 1355 687; x_wconf 79' lang='grc' dir='ltr'>τοῦ</span> <span class='ocrx_word' id='word_1_504' title='bbox 1368 658 1464 697; x_wconf 81' lang='grc' dir='ltr'>Κυρίου</span> <span class='ocrx_word' id='word_1_505' title='bbox 1483 658 1650 708; x_wconf 75' lang='grc' dir='ltr'>δεδωρημένα</span> <span class='ocrx_word' id='word_1_506' title='bbox 1663 662 1737 697; x_wconf 70' lang='grc' dir='ltr'>ἡμῖν.</span> 
     </span>
     <span class='ocr_line' id='line_1_78' title="bbox 970 695 1737 737; baseline 0.003 -12.01"><span class='ocrx_word' id='word_1_507' title='bbox 970 695 1038 725; x_wconf 78' lang='grc' dir='ltr'>Ἀλλ’</span> <span class='ocrx_word' id='word_1_508' title='bbox 1053 697 1113 725; x_wconf 77' lang='grc' dir='ltr'>ὅταν</span> <span class='ocrx_word' id='word_1_509' title='bbox 1130 698 1257 736; x_wconf 67' lang='grc' dir='ltr'>ἀκοῘιο-Γς,</span> <span class='ocrx_word' id='word_1_510' title='bbox 1282 698 1321 726; x_wconf 81' lang='grc' dir='ltr'>ὅτι</span> <span class='ocrx_word' id='word_1_511' title='bbox 1346 699 1442 732; x_wconf 73' lang='grc' dir='ltr'>ἀνῆλθε</span> <span class='ocrx_word' id='word_1_512' title='bbox 1463 709 1507 726; x_wconf 85' lang='grc' dir='ltr'>και</span> <span class='ocrx_word' id='word_1_513' title='bbox 1530 699 1674 737; x_wconf 67' lang='grc' dir='ltr'>ἀνεληφθη,</span> <span class='ocrx_word' id='word_1_514' title='bbox 1701 698 1737 735; x_wconf 81' lang='grc' dir='ltr'>μὴ</span> 
     </span>
     <span class='ocr_line' id='line_1_79' title="bbox 970 736 1739 787; baseline 0.003 -23"><span class='ocrx_word' id='word_1_515' title='bbox 970 736 1117 765; x_wconf 68' lang='grc' dir='ltr'>κατάὸασιν</span> <span class='ocrx_word' id='word_1_516' title='bbox 1130 750 1208 766; x_wconf 85' lang='grc' dir='ltr'>τοπικ</span> <span class='ocrx_word' id='word_1_517' title='bbox 1209 750 1240 773; x_wconf 78' lang='grc' dir='ltr'>ην</span> <span class='ocrx_word' id='word_1_518' title='bbox 1257 738 1300 766; x_wconf 80' lang='grc' dir='ltr'>ἐπι</span> <span class='ocrx_word' id='word_1_519' title='bbox 1315 740 1384 767; x_wconf 75' lang='grc' dir='ltr'>Θεοῦ</span> <span class='ocrx_word' id='word_1_520' title='bbox 1410 737 1569 770; x_wconf 64' lang='grc' dir='ltr'>ὑπώάὸοις·</span> <span class='ocrx_word' id='word_1_521' title='bbox 1587 741 1603 773; x_wconf 77' lang='grc' dir='ltr'>ἡ</span> <span class='ocrx_word' id='word_1_522' title='bbox 1620 738 1681 787; x_wconf 80' lang='grc' dir='ltr'>γὰρ</span> <span class='ocrx_word' id='word_1_523' title='bbox 1685 738 1739 766; x_wconf 83' lang='grc' dir='ltr'>θεό-</span> 
     </span>
     <span class='ocr_line' id='line_1_80' title="bbox 969 776 1739 826; baseline 0.004 -23"><span class='ocrx_word' id='word_1_524' title='bbox 969 788 1015 811; x_wconf 78' lang='grc' dir='ltr'>της</span> <span class='ocrx_word' id='word_1_525' title='bbox 1030 776 1133 804; x_wconf 85' lang='grc' dir='ltr'>ἅπαντα</span> <span class='ocrx_word' id='word_1_526' title='bbox 1142 779 1254 816; x_wconf 83' lang='grc' dir='ltr'>πληροῖ,</span> <span class='ocrx_word' id='word_1_527' title='bbox 1276 790 1320 806; x_wconf 87' lang='grc' dir='ltr'>και</span> <span class='ocrx_word' id='word_1_528' title='bbox 1335 790 1470 816; x_wconf 75' lang='grc' dir='ltr'>πανταχου</span> <span class='ocrx_word' id='word_1_529' title='bbox 1485 777 1626 826; x_wconf 82' lang='grc' dir='ltr'>πάρεστιν,</span> <span class='ocrx_word' id='word_1_530' title='bbox 1641 789 1686 806; x_wconf 90' lang='grc' dir='ltr'>και</span> <span class='ocrx_word' id='word_1_531' title='bbox 1700 779 1739 806; x_wconf 78' lang='grc' dir='ltr'>οὐ·</span> 
     </span>
     <span class='ocr_line' id='line_1_81' title="bbox 970 815 1738 856; baseline 0.003 -13"><span class='ocrx_word' id='word_1_532' title='bbox 970 815 1052 853; x_wconf 80' lang='grc' dir='ltr'>δαμου</span> <span class='ocrx_word' id='word_1_533' title='bbox 1077 817 1304 853; x_wconf 80' lang='grc' dir='ltr'>ἀπολιμπανεται,</span> <span class='ocrx_word' id='word_1_534' title='bbox 1324 818 1359 849; x_wconf 81' lang='grc' dir='ltr'>ὡς</span> <span class='ocrx_word' id='word_1_535' title='bbox 1375 817 1481 845; x_wconf 82' lang='grc' dir='ltr'>πάντων</span> <span class='ocrx_word' id='word_1_536' title='bbox 1496 816 1600 856; x_wconf 66' lang='grc' dir='ltr'>ἔφορος,</span> <span class='ocrx_word' id='word_1_537' title='bbox 1613 829 1658 845; x_wconf 82' lang='grc' dir='ltr'>και</span> <span class='ocrx_word' id='word_1_538' title='bbox 1672 816 1738 845; x_wconf 79' lang='grc' dir='ltr'>πάν-</span> 
     </span>
     <span class='ocr_line' id='line_1_82' title="bbox 969 855 1739 907; baseline 0.004 -26"><span class='ocrx_word' id='word_1_539' title='bbox 969 866 1020 882; x_wconf 86' lang='grc' dir='ltr'>των</span> <span class='ocrx_word' id='word_1_540' title='bbox 1037 855 1202 904; x_wconf 68' lang='grc' dir='ltr'>δημιουργός.</span> <span class='ocrx_word' id='word_1_541' title='bbox 1217 858 1256 885; x_wconf 69' lang='lat' dir='ltr'>&#39;lb</span> <span class='ocrx_word' id='word_1_542' title='bbox 1279 857 1305 885; x_wconf 81' lang='grc' dir='ltr'>δὲ</span> <span class='ocrx_word' id='word_1_543' title='bbox 1327 855 1447 907; x_wconf 77' lang='grc' dir='ltr'>ὁμογενὲς</span> <span class='ocrx_word' id='word_1_544' title='bbox 1461 859 1524 893; x_wconf 75' lang='grc' dir='ltr'>ἡμῖν</span> <span class='ocrx_word' id='word_1_545' title='bbox 1542 858 1637 893; x_wconf 82' lang='grc' dir='ltr'>σῶμα,</span> <span class='ocrx_word' id='word_1_546' title='bbox 1650 856 1663 884; x_wconf 83' lang='grc' dir='ltr'>ὂ</span> <span class='ocrx_word' id='word_1_547' title='bbox 1676 857 1739 885; x_wconf 76' lang='grc' dir='ltr'>ἀνα-</span> 
     </span>
     <span class='ocr_line' id='line_1_83' title="bbox 969 893 1737 943; baseline 0.004 -22.004"><span class='ocrx_word' id='word_1_548' title='bbox 969 893 1058 922; x_wconf 67' lang='grc' dir='ltr'>λαόυν</span> <span class='ocrx_word' id='word_1_549' title='bbox 1072 896 1182 943; x_wconf 69' lang='grc' dir='ltr'>ὀφθῆναι</span> <span class='ocrx_word' id='word_1_550' title='bbox 1199 896 1359 931; x_wconf 66' lang='grc' dir='ltr'>κατηξίωσεν</span> <span class='ocrx_word' id='word_1_551' title='bbox 1375 908 1419 924; x_wconf 88' lang='grc' dir='ltr'>επι</span> <span class='ocrx_word' id='word_1_552' title='bbox 1438 897 1484 930; x_wconf 74' lang='grc' dir='ltr'>τῆς</span> <span class='ocrx_word' id='word_1_553' title='bbox 1500 897 1561 934; x_wconf 79' lang='grc' dir='ltr'>γ’ἧς,</span> <span class='ocrx_word' id='word_1_554' title='bbox 1575 895 1663 933; x_wconf 78' lang='grc' dir='ltr'>ὁάοιον</span> <span class='ocrx_word' id='word_1_555' title='bbox 1674 899 1737 933; x_wconf 77' lang='grc' dir='ltr'>ἡμῖν</span> 
     </span>
     <span class='ocr_line' id='line_1_84' title="bbox 969 925 1737 973; baseline 0.003 -12"><span class='ocrx_word' id='word_1_556' title='bbox 969 933 1038 962; x_wconf 88' lang='grc' dir='ltr'>κατα</span> <span class='ocrx_word' id='word_1_557' title='bbox 1052 933 1152 970; x_wconf 80' lang='grc' dir='ltr'>πάντα,</span> <span class='ocrx_word' id='word_1_558' title='bbox 1163 935 1226 963; x_wconf 84' lang='grc' dir='ltr'>αὐτό</span> <span class='ocrx_word' id='word_1_559' title='bbox 1237 935 1331 963; x_wconf 76' lang='grc' dir='ltr'>ἔστιτὸ</span> <span class='ocrx_word' id='word_1_560' title='bbox 1340 935 1466 973; x_wconf 69' lang='grc' dir='ltr'>ἡμέτερον</span> <span class='ocrx_word' id='word_1_561' title='bbox 1478 936 1543 963; x_wconf 72' lang='grc' dir='ltr'>ἀνα]</span> <span class='ocrx_word' id='word_1_562' title='bbox 1546 925 1737 973; x_wconf 64' lang='grc' dir='ltr'>αμέανόμενον.</span> 
     </span>
     <span class='ocr_line' id='line_1_85' title="bbox 970 973 1738 1013; baseline 0.001 -12"><span class='ocrx_word' id='word_1_563' title='bbox 970 973 1049 1001; x_wconf 81' lang='grc' dir='ltr'>Καὶ</span> <span class='ocrx_word' id='word_1_564' title='bbox 1035 973 1077 1002; x_wconf 81' lang='grc' dir='ltr'>οιὰ</span> <span class='ocrx_word' id='word_1_565' title='bbox 1093 976 1169 1002; x_wconf 77' lang='grc' dir='ltr'>τοῦτο</span> <span class='ocrx_word' id='word_1_566' title='bbox 1183 986 1222 1003; x_wconf 82' lang='grc' dir='ltr'>κοι</span> <span class='ocrx_word' id='word_1_567' title='bbox 1224 987 1255 1013; x_wconf 93' lang='grc' dir='ltr'>ν·Γ,</span> <span class='ocrx_word' id='word_1_568' title='bbox 1269 974 1364 1007; x_wconf 82' lang='grc' dir='ltr'>πάντες</span> <span class='ocrx_word' id='word_1_569' title='bbox 1379 974 1491 1012; x_wconf 74' lang='grc' dir='ltr'>σήμερον</span> <span class='ocrx_word' id='word_1_570' title='bbox 1509 974 1696 1012; x_wconf 65' lang='grc' dir='ltr'>ἀναὸοήσωμεν</span> <span class='ocrx_word' id='word_1_571' title='bbox 1708 974 1738 1002; x_wconf 84' lang='grc' dir='ltr'>τὸ</span> 
     </span>
     <span class='ocr_line' id='line_1_86' title="bbox 969 1013 1739 1063; baseline 0.001 -23"><span class='ocrx_word' id='word_1_572' title='bbox 969 1013 1128 1061; x_wconf 64' lang='grc' dir='ltr'>προφητικὸν</span> <span class='ocrx_word' id='word_1_573' title='bbox 1140 1015 1222 1042; x_wconf 82' lang='grc' dir='ltr'>ἐκεῖνο</span> <span class='ocrx_word' id='word_1_574' title='bbox 1229 1014 1329 1063; x_wconf 72' lang='grc' dir='ltr'>λόγιον·</span> <span class='ocrx_word' id='word_1_575' title='bbox 1342 1013 1431 1048; x_wconf 48' lang='lat' dir='ltr'>Ave&amp;</span> <span class='ocrx_word' id='word_1_576' title='bbox 1441 1016 1454 1041; x_wconf 76' lang='grc' dir='ltr'>ὁ</span> <span class='ocrx_word' id='word_1_577' title='bbox 1465 1013 1551 1045; x_wconf 84' lang='grc' dir='ltr'>Θεὸς</span> <span class='ocrx_word' id='word_1_578' title='bbox 1540 1025 1566 1041; x_wconf 87' lang='grc' dir='ltr'>εν</span> <span class='ocrx_word' id='word_1_579' title='bbox 1579 1015 1739 1052; x_wconf 81' lang='grc' dir='ltr'>ἀλαλαγμι),</span> 
     </span>
     <span class='ocr_line' id='line_1_87' title="bbox 969 1051 1737 1101; baseline 0.001 -21"><span class='ocrx_word' id='word_1_580' title='bbox 969 1051 1089 1101; x_wconf 83' lang='grc' dir='ltr'>Κύριος’</span> <span class='ocrx_word' id='word_1_581' title='bbox 1078 1064 1104 1081; x_wconf 87' lang='grc' dir='ltr'>εν</span> <span class='ocrx_word' id='word_1_582' title='bbox 1119 1055 1190 1092; x_wconf 75' lang='grc' dir='ltr'>φωνῇ</span> <span class='ocrx_word' id='word_1_583' title='bbox 1204 1053 1356 1092; x_wconf 84' lang='grc' dir='ltr'>σαλπιγγος,</span> <span class='ocrx_word' id='word_1_584' title='bbox 1372 1053 1416 1081; x_wconf 80' lang='grc' dir='ltr'>καὶ</span> <span class='ocrx_word' id='word_1_585' title='bbox 1432 1053 1478 1088; x_wconf 78' lang='grc' dir='ltr'>τ·&gt;ν</span> <span class='ocrx_word' id='word_1_586' title='bbox 1494 1055 1624 1092; x_wconf 71' lang='grc' dir='ltr'>περιφανῆ</span> <span class='ocrx_word' id='word_1_587' title='bbox 1639 1052 1737 1087; x_wconf 79' lang='grc' dir='ltr'>ταύτην</span> 
     </span>
     <span class='ocr_line' id='line_1_88' title="bbox 969 1091 1737 1140; baseline 0 -20"><span class='ocrx_word' id='word_1_588' title='bbox 969 1092 1012 1120; x_wconf 83' lang='grc' dir='ltr'>καὶ</span> <span class='ocrx_word' id='word_1_589' title='bbox 1024 1092 1149 1132; x_wconf 75' lang='grc' dir='ltr'>λαμπρὰν</span> <span class='ocrx_word' id='word_1_590' title='bbox 1165 1093 1346 1131; x_wconf 78' lang='grc' dir='ltr'>ἑορτάζωμεν</span> <span class='ocrx_word' id='word_1_591' title='bbox 1338 1093 1493 1140; x_wconf 60' lang='grc' dir='ltr'>πανήγυριν,</span> <span class='ocrx_word' id='word_1_592' title='bbox 1505 1091 1594 1127; x_wconf 80' lang='grc' dir='ltr'>ἐπειδὴ</span> <span class='ocrx_word' id='word_1_593' title='bbox 1606 1104 1651 1120; x_wconf 87' lang='grc' dir='ltr'>και</span> <span class='ocrx_word' id='word_1_594' title='bbox 1664 1103 1737 1130; x_wconf 84' lang='grc' dir='ltr'>κοινῃ</span> 
     </span>
     <span class='ocr_line' id='line_1_89' title="bbox 968 1130 1738 1181; baseline 0.003 -23"><span class='ocrx_word' id='word_1_595' title='bbox 968 1130 1036 1159; x_wconf 82' lang='grc' dir='ltr'>πάντ</span> <span class='ocrx_word' id='word_1_596' title='bbox 1038 1144 1063 1163; x_wconf 83' lang='grc' dir='ltr'>ες</span> <span class='ocrx_word' id='word_1_597' title='bbox 1074 1134 1120 1166; x_wconf 77' lang='grc' dir='ltr'>τῆς</span> <span class='ocrx_word' id='word_1_598' title='bbox 1128 1133 1172 1160; x_wconf 78' lang='grc' dir='ltr'>ὑπ’</span> <span class='ocrx_word' id='word_1_599' title='bbox 1188 1134 1266 1161; x_wconf 77' lang='grc' dir='ltr'>αὐτου</span> <span class='ocrx_word' id='word_1_600' title='bbox 1277 1133 1375 1172; x_wconf 81' lang='grc' dir='ltr'>δωρεᾶς</span> <span class='ocrx_word' id='word_1_601' title='bbox 1389 1131 1592 1170; x_wconf 67' lang='grc' dir='ltr'>ἀπηλαύσαμεν.</span> <span class='ocrx_word' id='word_1_602' title='bbox 1610 1131 1738 1181; x_wconf 81' lang='grc' dir='ltr'>Καθάπερ</span> 
     </span>
     <span class='ocr_line' id='line_1_90' title="bbox 968 1170 1737 1221; baseline 0.001 -23"><span class='ocrx_word' id='word_1_603' title='bbox 968 1170 995 1199; x_wconf 82' lang='grc' dir='ltr'>δὲ</span> <span class='ocrx_word' id='word_1_604' title='bbox 1013 1171 1140 1221; x_wconf 73' lang='grc' dir='ltr'>δεσπότης</span> <span class='ocrx_word' id='word_1_605' title='bbox 1155 1172 1358 1220; x_wconf 72' lang='grc' dir='ltr'>φιλρίνθρι1πος</span> <span class='ocrx_word' id='word_1_606' title='bbox 1345 1171 1485 1210; x_wconf 75' lang='grc' dir='ltr'>αγαπήσας</span> <span class='ocrx_word' id='word_1_607' title='bbox 1496 1171 1538 1199; x_wconf 83' lang='grc' dir='ltr'>τὸν</span> <span class='ocrx_word' id='word_1_608' title='bbox 1552 1171 1615 1200; x_wconf 74' lang='grc' dir='ltr'>ἴδιον</span> <span class='ocrx_word' id='word_1_609' title='bbox 1625 1170 1737 1207; x_wconf 80' lang='grc' dir='ltr'>οἰκέτην,</span> 
     </span>
     <span class='ocr_line' id='line_1_91' title="bbox 969 1209 1738 1261; baseline 0.001 -23"><span class='ocrx_word' id='word_1_610' title='bbox 969 1209 1011 1238; x_wconf 83' lang='grc' dir='ltr'>διὰ</span> <span class='ocrx_word' id='word_1_611' title='bbox 1026 1211 1055 1239; x_wconf 84' lang='grc' dir='ltr'>τὸ</span> <span class='ocrx_word' id='word_1_612' title='bbox 1073 1222 1134 1250; x_wconf 83' lang='grc' dir='ltr'>περι</span> <span class='ocrx_word' id='word_1_613' title='bbox 1149 1211 1226 1239; x_wconf 78' lang='grc' dir='ltr'>αὐτὸν</span> <span class='ocrx_word' id='word_1_614' title='bbox 1242 1212 1350 1261; x_wconf 74' lang='grc' dir='ltr'>φίὶτρον</span> <span class='ocrx_word' id='word_1_615' title='bbox 1362 1212 1390 1240; x_wconf 83' lang='grc' dir='ltr'>οὐ</span> <span class='ocrx_word' id='word_1_616' title='bbox 1406 1215 1572 1260; x_wconf 79' lang='grc' dir='ltr'>παραιτεῖται</span> <span class='ocrx_word' id='word_1_617' title='bbox 1590 1222 1619 1239; x_wconf 80' lang='grc' dir='ltr'>το</span> <span class='ocrx_word' id='word_1_618' title='bbox 1633 1210 1738 1248; x_wconf 81' lang='grc' dir='ltr'>ἱμάτιον</span> 
     </span>
     <span class='ocr_line' id='line_1_92' title="bbox 969 1249 1737 1289; baseline 0.001 -12"><span class='ocrx_word' id='word_1_619' title='bbox 969 1251 1047 1278; x_wconf 68' lang='grc' dir='ltr'>αὐτοῦ</span> <span class='ocrx_word' id='word_1_620' title='bbox 1073 1250 1296 1289; x_wconf 77' lang='grc' dir='ltr'>περιοάλλεσθαι·</span> <span class='ocrx_word' id='word_1_621' title='bbox 1322 1251 1449 1279; x_wconf 79' lang='grc' dir='ltr'>οὕτωκαὶ</span> <span class='ocrx_word' id='word_1_622' title='bbox 1470 1253 1484 1279; x_wconf 80' lang='grc' dir='ltr'><strong>ὁ</strong></span> <span class='ocrx_word' id='word_1_623' title='bbox 1502 1249 1637 1285; x_wconf 72' lang='grc' dir='ltr'>Δεσπότης</span> <span class='ocrx_word' id='word_1_624' title='bbox 1661 1252 1737 1288; x_wconf 76' lang='grc' dir='ltr'>ἡμῶν</span> 
     </span>
     <span class='ocr_line' id='line_1_93' title="bbox 968 1289 1737 1338; baseline 0.001 -21"><span class='ocrx_word' id='word_1_625' title='bbox 968 1290 1081 1338; x_wconf 80' lang='grc' dir='ltr'>Χριστὸς</span> <span class='ocrx_word' id='word_1_626' title='bbox 1097 1290 1236 1329; x_wconf 48' lang='grc' dir='ltr'>ἀγαπήσας</span> <span class='ocrx_word' id='word_1_627' title='bbox 1247 1303 1294 1325; x_wconf 67' lang='grc' dir='ltr'>την</span> <span class='ocrx_word' id='word_1_628' title='bbox 1307 1290 1381 1330; x_wconf 77' lang='grc' dir='ltr'>φύσιν</span> <span class='ocrx_word' id='word_1_629' title='bbox 1396 1289 1443 1324; x_wconf 77' lang='grc' dir='ltr'>τὴν</span> <span class='ocrx_word' id='word_1_630' title='bbox 1460 1289 1604 1337; x_wconf 79' lang='grc' dir='ltr'>ἡμετέραν,</span> <span class='ocrx_word' id='word_1_631' title='bbox 1619 1302 1664 1318; x_wconf 91' lang='grc' dir='ltr'>και</span> <span class='ocrx_word' id='word_1_632' title='bbox 1674 1292 1737 1318; x_wconf 81' lang='grc' dir='ltr'>θεα-</span> 
     </span>
     <span class='ocr_line' id='line_1_94' title="bbox 969 1329 1736 1368; baseline 0 -11"><span class='ocrx_word' id='word_1_633' title='bbox 969 1329 1080 1367; x_wconf 74' lang='grc' dir='ltr'>σάμενος</span> <span class='ocrx_word' id='word_1_634' title='bbox 1091 1332 1128 1362; x_wconf 79' lang='grc' dir='ltr'>εἷς</span> <span class='ocrx_word' id='word_1_635' title='bbox 1141 1331 1215 1368; x_wconf 79' lang='grc' dir='ltr'>βυθον</span> <span class='ocrx_word' id='word_1_636' title='bbox 1228 1330 1321 1363; x_wconf 81' lang='grc' dir='ltr'>κακίας</span> <span class='ocrx_word' id='word_1_637' title='bbox 1332 1333 1542 1368; x_wconf 78' lang='grc' dir='ltr'>κατενεγθεῖσαν,</span> <span class='ocrx_word' id='word_1_638' title='bbox 1553 1341 1597 1357; x_wconf 92' lang='grc' dir='ltr'>και</span> <span class='ocrx_word' id='word_1_639' title='bbox 1615 1329 1736 1367; x_wconf 73' lang='grc' dir='ltr'>οὐδεμίαν</span> 
     </span>
     <span class='ocr_line' id='line_1_95' title="bbox 968 1368 1737 1421; baseline 0 -25"><span class='ocrx_word' id='word_1_640' title='bbox 968 1369 1062 1397; x_wconf 68' lang='grc' dir='ltr'>ἐλπίδα</span> <span class='ocrx_word' id='word_1_641' title='bbox 1082 1369 1212 1417; x_wconf 75' lang='grc' dir='ltr'>σωτηρίας</span> <span class='ocrx_word' id='word_1_642' title='bbox 1232 1369 1360 1421; x_wconf 69' lang='grc' dir='ltr'>ἔχουσαν,</span> <span class='ocrx_word' id='word_1_643' title='bbox 1374 1369 1417 1398; x_wconf 84' lang='grc' dir='ltr'>καὶ</span> <span class='ocrx_word' id='word_1_644' title='bbox 1436 1370 1535 1403; x_wconf 80' lang='grc' dir='ltr'>πολλῆς</span> <span class='ocrx_word' id='word_1_645' title='bbox 1553 1368 1678 1406; x_wconf 83' lang='grc' dir='ltr'>δεομένην</span> <span class='ocrx_word' id='word_1_646' title='bbox 1689 1380 1737 1402; x_wconf 63' lang='lat' dir='ltr'>rr&lt;</span> 
     </span>
     <span class='ocr_line' id='line_1_96' title="bbox 969 1407 1736 1457; baseline -0.001 -21"><span class='ocrx_word' id='word_1_647' title='bbox 969 1408 1151 1446; x_wconf 65' lang='grc' dir='ltr'>συγκαταίοὶσε</span> <span class='ocrx_word' id='word_1_648' title='bbox 1141 1421 1203 1444; x_wconf 88' lang='grc' dir='ltr'>ως,</span> <span class='ocrx_word' id='word_1_649' title='bbox 1227 1409 1372 1444; x_wconf 80' lang='grc' dir='ltr'>κατηξίωσε</span> <span class='ocrx_word' id='word_1_650' title='bbox 1396 1420 1426 1436; x_wconf 88' lang='grc' dir='ltr'>το</span> <span class='ocrx_word' id='word_1_651' title='bbox 1449 1420 1526 1446; x_wconf 78' lang='grc' dir='ltr'>συμα</span> <span class='ocrx_word' id='word_1_652' title='bbox 1551 1408 1581 1436; x_wconf 83' lang='grc' dir='ltr'>τὸ</span> <span class='ocrx_word' id='word_1_653' title='bbox 1608 1407 1736 1457; x_wconf 79' lang='grc' dir='ltr'>ἡμέτερον</span> 
     </span>
     <span class='ocr_line' id='line_1_97' title="bbox 969 1446 1738 1487; baseline 0 -12"><span class='ocrx_word' id='word_1_654' title='bbox 969 1448 1116 1477; x_wconf 78' lang='grc' dir='ltr'>ἀναλαοεῖν.</span> <span class='ocrx_word' id='word_1_655' title='bbox 1131 1448 1212 1477; x_wconf 62' lang='lat' dir='ltr'>Kar</span> <span class='ocrx_word' id='word_1_656' title='bbox 1198 1448 1240 1476; x_wconf 81' lang='grc' dir='ltr'>οιὰ</span> <span class='ocrx_word' id='word_1_657' title='bbox 1255 1452 1330 1477; x_wconf 74' lang='grc' dir='ltr'>τοῦτο</span> <span class='ocrx_word' id='word_1_658' title='bbox 1345 1459 1435 1487; x_wconf 78' lang='grc' dir='ltr'>φανεις</span> <span class='ocrx_word' id='word_1_659' title='bbox 1456 1450 1493 1476; x_wconf 82' lang='grc' dir='ltr'>τῶ</span> <span class='ocrx_word' id='word_1_660' title='bbox 1516 1446 1622 1486; x_wconf 82' lang='grc' dir='ltr'>κόσμω,</span> <span class='ocrx_word' id='word_1_661' title='bbox 1636 1447 1738 1479; x_wconf 81' lang='grc' dir='ltr'>πάντας</span> 
     </span>
     <span class='ocr_line' id='line_1_98' title="bbox 968 1477 1736 1535; baseline 0.001 -21"><span class='ocrx_word' id='word_1_662' title='bbox 968 1486 1146 1526; x_wconf 80' lang='grc' dir='ltr'>ἀνθρώπου;’</span> <span class='ocrx_word' id='word_1_663' title='bbox 1132 1488 1184 1516; x_wconf 79' lang='grc' dir='ltr'>απὸ</span> <span class='ocrx_word' id='word_1_664' title='bbox 1196 1491 1241 1523; x_wconf 69' lang='grc' dir='ltr'>τῆς</span> <span class='ocrx_word' id='word_1_665' title='bbox 1256 1487 1356 1523; x_wconf 79' lang='grc' dir='ltr'>πλάνης</span> <span class='ocrx_word' id='word_1_666' title='bbox 1370 1488 1404 1522; x_wconf 76' lang='grc' dir='ltr'>ἠλ</span> <span class='ocrx_word' id='word_1_667' title='bbox 1407 1477 1549 1525; x_wconf 54' lang='lat' dir='ltr'>&amp;slipi-me,</span> <span class='ocrx_word' id='word_1_668' title='bbox 1559 1499 1603 1515; x_wconf 85' lang='grc' dir='ltr'>και</span> <span class='ocrx_word' id='word_1_669' title='bbox 1615 1487 1678 1535; x_wconf 81' lang='grc' dir='ltr'>πρὸς</span> <span class='ocrx_word' id='word_1_670' title='bbox 1689 1486 1736 1521; x_wconf 85' lang='grc' dir='ltr'>τὴν</span> 
     </span>
     <span class='ocr_line' id='line_1_99' title="bbox 969 1525 1738 1577; baseline 0 -24"><span class='ocrx_word' id='word_1_671' title='bbox 969 1526 1117 1561; x_wconf 69' lang='grc' dir='ltr'>ἀλήθειανέ</span> <span class='ocrx_word' id='word_1_672' title='bbox 1107 1527 1271 1565; x_wconf 76' lang='grc' dir='ltr'>επανήγαγε·</span> <span class='ocrx_word' id='word_1_673' title='bbox 1292 1527 1339 1555; x_wconf 78' lang='grc' dir='ltr'>καὶ</span> <span class='ocrx_word' id='word_1_674' title='bbox 1357 1528 1431 1566; x_wconf 71' lang='grc' dir='ltr'>βοᾷ’</span> <span class='ocrx_word' id='word_1_675' title='bbox 1420 1539 1445 1554; x_wconf 86' lang='grc' dir='ltr'>εν</span> <span class='ocrx_word' id='word_1_676' title='bbox 1458 1526 1617 1565; x_wconf 74' lang='grc' dir='ltr'>εὐαγγελίω,</span> <span class='ocrx_word' id='word_1_677' title='bbox 1638 1525 1738 1577; x_wconf 79' lang='grc' dir='ltr'>λέγων,</span> 
     </span>
     <span class='ocr_line' id='line_1_100' title="bbox 968 1562 1738 1614; baseline 0.001 -21"><span class='ocrx_word' id='word_1_678' title='bbox 968 1566 1025 1594; x_wconf 85' lang='grc' dir='ltr'>Οὐκ</span> <span class='ocrx_word' id='word_1_679' title='bbox 1036 1562 1070 1600; x_wconf 87' lang='grc' dir='ltr'>ἠλ</span> <span class='ocrx_word' id='word_1_680' title='bbox 1072 1569 1114 1595; x_wconf 82' lang='grc' dir='ltr'>θον</span> <span class='ocrx_word' id='word_1_681' title='bbox 1129 1566 1240 1595; x_wconf 81' lang='grc' dir='ltr'>καλέσαι</span> <span class='ocrx_word' id='word_1_682' title='bbox 1263 1566 1393 1602; x_wconf 85' lang='grc' dir='ltr'>δικαίους,</span> <span class='ocrx_word' id='word_1_683' title='bbox 1408 1566 1476 1594; x_wconf 82' lang='grc' dir='ltr'>ἀλλὰ</span> <span class='ocrx_word' id='word_1_684' title='bbox 1496 1564 1681 1614; x_wconf 84' lang='grc' dir='ltr'>ἇμαρτωλους,</span> <span class='ocrx_word' id='word_1_685' title='bbox 1702 1567 1738 1598; x_wconf 83' lang='grc' dir='ltr'>εἰς</span> 
     </span>
     <span class='ocr_line' id='line_1_101' title="bbox 969 1604 1738 1654; baseline 0.001 -21"><span class='ocrx_word' id='word_1_686' title='bbox 969 1617 1000 1642; x_wconf 84' lang='grc' dir='ltr'>με</span> <span class='ocrx_word' id='word_1_687' title='bbox 1003 1618 1116 1634; x_wconf 82' lang='grc' dir='ltr'>τανοιαν.</span> <span class='ocrx_word' id='word_1_688' title='bbox 1130 1605 1167 1635; x_wconf 69' lang='lat'>⁰0</span> <span class='ocrx_word' id='word_1_689' title='bbox 1182 1606 1291 1635; x_wconf 68' lang='lat' dir='ltr'>roivuv=</span> <span class='ocrx_word' id='word_1_690' title='bbox 1281 1605 1417 1641; x_wconf 63' lang='grc' dir='ltr'>ἐὸουλετο,</span> <span class='ocrx_word' id='word_1_691' title='bbox 1436 1605 1608 1654; x_wconf 82' lang='grc' dir='ltr'>κατωρθωσε,</span> <span class='ocrx_word' id='word_1_692' title='bbox 1626 1604 1670 1633; x_wconf 76' lang='grc' dir='ltr'>καὶ</span> <span class='ocrx_word' id='word_1_693' title='bbox 1689 1605 1738 1640; x_wconf 77' lang='grc' dir='ltr'>τὴν</span> 
     </span>
     <span class='ocr_line' id='line_1_102' title="bbox 969 1644 1738 1694; baseline 0 -21"><span class='ocrx_word' id='word_1_694' title='bbox 969 1645 1133 1694; x_wconf 77' lang='grc' dir='ltr'>ἀνθρωπίνην</span> <span class='ocrx_word' id='word_1_695' title='bbox 1149 1657 1223 1684; x_wconf 73' lang='grc' dir='ltr'>φυσιν</span> <span class='ocrx_word' id='word_1_696' title='bbox 1239 1646 1312 1674; x_wconf 82' lang='grc' dir='ltr'>κάτω</span> <span class='ocrx_word' id='word_1_697' title='bbox 1330 1658 1378 1674; x_wconf 87' lang='grc' dir='ltr'>που</span> <span class='ocrx_word' id='word_1_698' title='bbox 1397 1645 1519 1683; x_wconf 80' lang='grc' dir='ltr'>κειμένην</span> <span class='ocrx_word' id='word_1_699' title='bbox 1535 1644 1677 1679; x_wconf 81' lang='grc' dir='ltr'>ἀνέστησε,</span> <span class='ocrx_word' id='word_1_700' title='bbox 1693 1644 1738 1673; x_wconf 81' lang='grc' dir='ltr'>καὶ</span> 
     </span>
     <span class='ocr_line' id='line_1_103' title="bbox 968 1683 1737 1733; baseline 0 -21"><span class='ocrx_word' id='word_1_701' title='bbox 968 1684 1098 1718; x_wconf 77' lang='grc' dir='ltr'>τοσαύτην</span> <span class='ocrx_word' id='word_1_702' title='bbox 1120 1685 1317 1733; x_wconf 74' lang='grc' dir='ltr'>φιλανθρωπίαν</span> <span class='ocrx_word' id='word_1_703' title='bbox 1334 1684 1502 1719; x_wconf 78' lang='grc' dir='ltr'>ἐπεδείξατο,</span> <span class='ocrx_word' id='word_1_704' title='bbox 1527 1686 1561 1716; x_wconf 77' lang='grc' dir='ltr'>ὥς</span> <span class='ocrx_word' id='word_1_705' title='bbox 1585 1683 1621 1721; x_wconf 80' lang='grc' dir='ltr'>μὴ</span> <span class='ocrx_word' id='word_1_706' title='bbox 1642 1688 1737 1722; x_wconf 83' lang='grc' dir='ltr'>χωρεῖν</span> 
     </span>
     <span class='ocr_line' id='line_1_104' title="bbox 969 1723 1738 1774; baseline 0.001 -23"><span class='ocrx_word' id='word_1_707' title='bbox 969 1724 1129 1774; x_wconf 82' lang='grc' dir='ltr'>ἀνθρώπινον</span> <span class='ocrx_word' id='word_1_708' title='bbox 1145 1725 1270 1762; x_wconf 87' lang='grc' dir='ltr'>λογισμον</span> <span class='ocrx_word' id='word_1_709' title='bbox 1286 1724 1328 1752; x_wconf 87' lang='grc' dir='ltr'>τὸν</span> <span class='ocrx_word' id='word_1_710' title='bbox 1343 1724 1417 1761; x_wconf 77' lang='grc' dir='ltr'>&gt;όγον</span> <span class='ocrx_word' id='word_1_711' title='bbox 1434 1735 1484 1751; x_wconf 81' lang='grc' dir='ltr'>των</span> <span class='ocrx_word' id='word_1_712' title='bbox 1501 1723 1656 1761; x_wconf 73' lang='grc' dir='ltr'>(ενοαένων.</span> <span class='ocrx_word' id='word_1_713' title='bbox 1676 1724 1738 1756; x_wconf 81' lang='grc' dir='ltr'>Πῶς</span> 
     </span>
     <span class='ocr_line' id='line_1_105' title="bbox 969 1762 1738 1813; baseline -0.003 -21"><span class='ocrx_word' id='word_1_714' title='bbox 969 1762 1036 1813; x_wconf 38' lang='grc' dir='ltr'>γὰρ),</span> <span class='ocrx_word' id='word_1_715' title='bbox 1049 1763 1106 1792; x_wconf 81' lang='grc' dir='ltr'>εἶπέ</span> <span class='ocrx_word' id='word_1_716' title='bbox 1121 1775 1180 1801; x_wconf 81' lang='grc' dir='ltr'>μοι,</span> <span class='ocrx_word' id='word_1_717' title='bbox 1196 1767 1271 1801; x_wconf 81' lang='grc' dir='ltr'>ἡμεῖς</span> <span class='ocrx_word' id='word_1_718' title='bbox 1286 1775 1309 1792; x_wconf 93' lang='grc' dir='ltr'>οι</span> <span class='ocrx_word' id='word_1_719' title='bbox 1328 1762 1550 1811; x_wconf 75' lang='grc' dir='ltr'>προσκεκρουκότε</span> <span class='ocrx_word' id='word_1_720' title='bbox 1540 1774 1580 1796; x_wconf 90' lang='grc' dir='ltr'>ς,</span> <span class='ocrx_word' id='word_1_721' title='bbox 1592 1765 1615 1790; x_wconf 83' lang='grc' dir='ltr'>οἱ</span> <span class='ocrx_word' id='word_1_722' title='bbox 1630 1764 1677 1796; x_wconf 80' lang='grc' dir='ltr'>τ’ῆς</span> <span class='ocrx_word' id='word_1_723' title='bbox 1690 1765 1738 1800; x_wconf 76' lang='grc' dir='ltr'>γῆς</span> 
     </span>
     <span class='ocr_line' id='line_1_106' title="bbox 970 1801 1739 1841; baseline -0.001 -11"><span class='ocrx_word' id='word_1_724' title='bbox 970 1802 1068 1835; x_wconf 76' lang='grc' dir='ltr'>ἀνάξιοι</span> <span class='ocrx_word' id='word_1_725' title='bbox 1079 1815 1142 1841; x_wconf 77' lang='grc' dir='ltr'>φανε</span> <span class='ocrx_word' id='word_1_726' title='bbox 1132 1815 1214 1837; x_wconf 83' lang='grc' dir='ltr'>ντες,</span> <span class='ocrx_word' id='word_1_727' title='bbox 1229 1815 1330 1837; x_wconf 75' lang='grc' dir='ltr'>και-της</span> <span class='ocrx_word' id='word_1_728' title='bbox 1347 1804 1429 1841; x_wconf 65' lang='grc' dir='ltr'>ἀρχῆς</span> <span class='ocrx_word' id='word_1_729' title='bbox 1440 1802 1555 1830; x_wconf 73' lang='grc' dir='ltr'>κάτωθεν</span> <span class='ocrx_word' id='word_1_730' title='bbox 1572 1801 1739 1837; x_wconf 84' lang='grc' dir='ltr'>εκπεσόντες,</span> 
     </span>
     <span class='ocr_line' id='line_1_107' title="bbox 969 1840 1737 1890; baseline -0.003 -20"><span class='ocrx_word' id='word_1_731' title='bbox 969 1842 1032 1880; x_wconf 83' lang='grc' dir='ltr'>πρὸς</span> <span class='ocrx_word' id='word_1_732' title='bbox 1046 1846 1166 1871; x_wconf 69' lang='grc' dir='ltr'>τοσοῦτον</span> <span class='ocrx_word' id='word_1_733' title='bbox 1181 1843 1244 1881; x_wconf 74' lang='grc' dir='ltr'>ὕψος</span> <span class='ocrx_word' id='word_1_734' title='bbox 1267 1842 1358 1880; x_wconf 79' lang='grc' dir='ltr'>ἀθρόον</span> <span class='ocrx_word' id='word_1_735' title='bbox 1373 1842 1538 1890; x_wconf 43' lang='lat' dir='ltr'>avalo-quem</span> <span class='ocrx_word' id='word_1_736' title='bbox 1555 1853 1610 1873; x_wconf 86' lang='grc' dir='ltr'>πως</span> <span class='ocrx_word' id='word_1_737' title='bbox 1627 1843 1640 1868; x_wconf 83' lang='grc' dir='ltr'>δ</span> <span class='ocrx_word' id='word_1_738' title='bbox 1656 1840 1737 1869; x_wconf 87' lang='grc' dir='ltr'>πόλε-</span> 
     </span>
     <span class='ocr_line' id='line_1_108' title="bbox 971 1879 1738 1929; baseline -0.003 -19"><span class='ocrx_word' id='word_1_739' title='bbox 971 1893 1018 1919; x_wconf 85' lang='grc' dir='ltr'>μος</span> <span class='ocrx_word' id='word_1_740' title='bbox 1032 1881 1176 1915; x_wconf 77' lang='grc' dir='ltr'>κατελύθη·</span> <span class='ocrx_word' id='word_1_741' title='bbox 1171 1904 1178 1916; x_wconf 88' lang='grc'>,</span> <span class='ocrx_word' id='word_1_742' title='bbox 1192 1894 1247 1914; x_wconf 79' lang='grc' dir='ltr'>πως</span> <span class='ocrx_word' id='word_1_743' title='bbox 1262 1885 1278 1917; x_wconf 82' lang='grc' dir='ltr'>ἡ</span> <span class='ocrx_word' id='word_1_744' title='bbox 1293 1881 1356 1919; x_wconf 78' lang='grc' dir='ltr'>ὀργὴ</span> <span class='ocrx_word' id='word_1_745' title='bbox 1373 1880 1502 1929; x_wconf 75' lang='grc' dir='ltr'>ἀνῃρέθη,</span> <span class='ocrx_word' id='word_1_746' title='bbox 1519 1880 1558 1908; x_wconf 86' lang='grc' dir='ltr'>Το</span> <span class='ocrx_word' id='word_1_747' title='bbox 1570 1879 1620 1918; x_wconf 84' lang='grc' dir='ltr'>γὰρ</span> <span class='ocrx_word' id='word_1_748' title='bbox 1637 1882 1738 1918; x_wconf 83' lang='grc' dir='ltr'>θαυμα-</span> 
     </span>
     <span class='ocr_line' id='line_1_109' title="bbox 971 1919 1738 1958; baseline -0.003 -9"><span class='ocrx_word' id='word_1_749' title='bbox 971 1920 1030 1949; x_wconf 77' lang='grc' dir='ltr'>στὸν</span> <span class='ocrx_word' id='word_1_750' title='bbox 1053 1933 1098 1949; x_wconf 87' lang='grc' dir='ltr'>και</span> <span class='ocrx_word' id='word_1_751' title='bbox 1121 1922 1220 1954; x_wconf 68' lang='grc' dir='ltr'>πολλης</span> <span class='ocrx_word' id='word_1_752' title='bbox 1241 1921 1388 1956; x_wconf 80' lang='grc' dir='ltr'>ἐκπληξεως</span> <span class='ocrx_word' id='word_1_753' title='bbox 1408 1919 1487 1958; x_wconf 71' lang='grc' dir='ltr'>γέμον</span> <span class='ocrx_word' id='word_1_754' title='bbox 1502 1919 1578 1948; x_wconf 88' lang='grc' dir='ltr'>τουτό</span> <span class='ocrx_word' id='word_1_755' title='bbox 1596 1920 1684 1955; x_wconf 79' lang='grc' dir='ltr'>ἐστιν,</span> <span class='ocrx_word' id='word_1_756' title='bbox 1697 1919 1738 1948; x_wconf 81' lang='grc' dir='ltr'>ὅτι</span> 
     </span>
     <span class='ocr_line' id='line_1_110' title="bbox 971 1957 1739 2000; baseline -0.001 -12"><span class='ocrx_word' id='word_1_757' title='bbox 971 1961 1020 1999; x_wconf 76' lang='grc' dir='ltr'>οὐχ</span> <span class='ocrx_word' id='word_1_758' title='bbox 1043 1963 1118 1998; x_wconf 78' lang='grc' dir='ltr'>ἡμῶν</span> <span class='ocrx_word' id='word_1_759' title='bbox 1138 1961 1373 2000; x_wconf 81' lang='grc' dir='ltr'>προσοραμόντων,</span> <span class='ocrx_word' id='word_1_760' title='bbox 1391 1959 1450 1988; x_wconf 81' lang='grc' dir='ltr'>ἀλλ’</span> <span class='ocrx_word' id='word_1_761' title='bbox 1473 1960 1550 1987; x_wconf 76' lang='grc' dir='ltr'>αὐτου</span> <span class='ocrx_word' id='word_1_762' title='bbox 1567 1961 1612 1986; x_wconf 76' lang='grc' dir='ltr'>τοῦ</span> <span class='ocrx_word' id='word_1_763' title='bbox 1632 1957 1739 1991; x_wconf 83' lang='grc' dir='ltr'>δικαίως</span> 
     </span>
     <span class='ocr_line' id='line_1_111' title="bbox 970 1997 1738 2047; baseline -0.001 -19"><span class='ocrx_word' id='word_1_764' title='bbox 970 2000 1034 2039; x_wconf 80' lang='grc' dir='ltr'>πρὸς</span> <span class='ocrx_word' id='word_1_765' title='bbox 1058 2003 1129 2038; x_wconf 83' lang='grc' dir='ltr'>ἡμας</span> <span class='ocrx_word' id='word_1_766' title='bbox 1159 2002 1363 2038; x_wconf 83' lang='grc' dir='ltr'>ἀγανακτουντος</span> <span class='ocrx_word' id='word_1_767' title='bbox 1376 2021 1383 2034; x_wconf 94' lang='lat'>,</span> <span class='ocrx_word' id='word_1_768' title='bbox 1414 1998 1646 2047; x_wconf 81' lang='grc' dir='ltr'>παρακα)έσαντος</span> <span class='ocrx_word' id='word_1_769' title='bbox 1672 1997 1738 2037; x_wconf 84' lang='grc' dir='ltr'>ὑπὲρ</span> 
     </span>
     <span class='ocr_line' id='line_1_112' title="bbox 970 2037 1739 2078; baseline -0.003 -11"><span class='ocrx_word' id='word_1_770' title='bbox 970 2041 1062 2076; x_wconf 78' lang='grc' dir='ltr'>ἡμῶν,</span> <span class='ocrx_word' id='word_1_771' title='bbox 1076 2051 1121 2068; x_wconf 91' lang='grc' dir='ltr'>και</span> <span class='ocrx_word' id='word_1_772' title='bbox 1136 2039 1216 2072; x_wconf 79' lang='grc' dir='ltr'>οὕτως</span> <span class='ocrx_word' id='word_1_773' title='bbox 1231 2042 1247 2074; x_wconf 87' lang='grc' dir='ltr'>ἡ</span> <span class='ocrx_word' id='word_1_774' title='bbox 1262 2039 1350 2078; x_wconf 83' lang='grc' dir='ltr'>εἰρήνη</span> <span class='ocrx_word' id='word_1_775' title='bbox 1366 2050 1477 2077; x_wconf 86' lang='grc' dir='ltr'>γεγονεν.</span> <span class='ocrx_word' id='word_1_776' title='bbox 1493 2037 1546 2066; x_wconf 87' lang='grc' dir='ltr'>Και</span> <span class='ocrx_word' id='word_1_777' title='bbox 1565 2039 1613 2076; x_wconf 71' lang='grc' dir='ltr'>βοᾶ</span> <span class='ocrx_word' id='word_1_778' title='bbox 1633 2038 1739 2070; x_wconf 75' lang='grc' dir='ltr'>Παῦλος</span> 
     </span>
     <span class='ocr_line' id='line_1_113' title="bbox 970 2077 1738 2118; baseline -0.001 -12"><span class='ocrx_word' id='word_1_779' title='bbox 970 2079 1068 2117; x_wconf 82' lang='grc' dir='ltr'>λέγων,</span> <span class='ocrx_word' id='word_1_780' title='bbox 1088 2078 1172 2118; x_wconf 76' lang='grc' dir='ltr'>Ὑπὲρ</span> <span class='ocrx_word' id='word_1_781' title='bbox 1195 2080 1310 2118; x_wconf 75' lang='grc' dir='ltr'>Χριστοῦ</span> <span class='ocrx_word' id='word_1_782' title='bbox 1330 2078 1522 2118; x_wconf 69' lang='grc' dir='ltr'>πρεσὸεύομεν,</span> <span class='ocrx_word' id='word_1_783' title='bbox 1545 2078 1579 2109; x_wconf 83' lang='grc' dir='ltr'>ὡς</span> <span class='ocrx_word' id='word_1_784' title='bbox 1601 2080 1647 2106; x_wconf 80' lang='grc' dir='ltr'>τοῦ</span> <span class='ocrx_word' id='word_1_785' title='bbox 1669 2077 1738 2106; x_wconf 83' lang='grc' dir='ltr'>Θεοῦ</span> 
     </span>
     <span class='ocr_line' id='line_1_114' title="bbox 970 2114 1739 2169; baseline -0.004 -22"><span class='ocrx_word' id='word_1_786' title='bbox 970 2119 1185 2168; x_wconf 81' lang='grc' dir='ltr'>παρακαλουντος</span> <span class='ocrx_word' id='word_1_787' title='bbox 1209 2120 1241 2147; x_wconf 84' lang='grc' dir='ltr'>δι’</span> <span class='ocrx_word' id='word_1_788' title='bbox 1266 2120 1350 2169; x_wconf 88' lang='grc' dir='ltr'>ἡμων.</span> <span class='ocrx_word' id='word_1_789' title='bbox 1374 2114 1448 2149; x_wconf 78' lang='grc' dir='ltr'>Εἶδες</span> <span class='ocrx_word' id='word_1_790' title='bbox 1470 2116 1616 2160; x_wconf 78' lang='grc' dir='ltr'>εὐμήχανον</span> <span class='ocrx_word' id='word_1_791' title='bbox 1632 2115 1739 2155; x_wconf 69' lang='grc' dir='ltr'>σοφίανς</span> 
     </span>
     <span class='ocr_line' id='line_1_115' title="bbox 971 2153 1739 2197; baseline -0.003 -11"><span class='ocrx_word' id='word_1_792' title='bbox 971 2159 1036 2190; x_wconf 77' lang='grc' dir='ltr'>εἶδες</span> <span class='ocrx_word' id='word_1_793' title='bbox 1051 2158 1148 2197; x_wconf 75' lang='grc' dir='ltr'>ἄφατον</span> <span class='ocrx_word' id='word_1_794' title='bbox 1163 2157 1361 2197; x_wconf 80' lang='grc' dir='ltr'>φιλανθρωπίαν</span> <span class='ocrx_word' id='word_1_795' title='bbox 1376 2155 1525 2189; x_wconf 55' lang='lat' dir='ltr'>Aeanti-rom</span> <span class='ocrx_word' id='word_1_796' title='bbox 1542 2153 1606 2189; x_wconf 67' lang='grc' dir='ltr'>εἶδες</span> <span class='ocrx_word' id='word_1_797' title='bbox 1627 2156 1739 2192; x_wconf 82' lang='grc' dir='ltr'>κηδεμο-</span> 
     </span>
     <span class='ocr_line' id='line_1_116' title="bbox 971 2195 1738 2237; baseline -0.004 -11"><span class='ocrx_word' id='word_1_798' title='bbox 971 2196 1027 2226; x_wconf 86' lang='grc' dir='ltr'>νίαν</span> <span class='ocrx_word' id='word_1_799' title='bbox 1049 2198 1279 2237; x_wconf 66' lang='grc' dir='ltr'>ὑπερδάλλουσαν,</span> <span class='ocrx_word' id='word_1_800' title='bbox 1307 2199 1359 2226; x_wconf 75' lang='grc' dir='ltr'>Νυν</span> <span class='ocrx_word' id='word_1_801' title='bbox 1382 2197 1412 2225; x_wconf 79' lang='grc' dir='ltr'>τὸ</span> <span class='ocrx_word' id='word_1_802' title='bbox 1436 2195 1542 2234; x_wconf 84' lang='grc' dir='ltr'>κέντρον</span> <span class='ocrx_word' id='word_1_803' title='bbox 1565 2198 1609 2224; x_wconf 78' lang='grc' dir='ltr'>τοῦ</span> <span class='ocrx_word' id='word_1_804' title='bbox 1629 2195 1738 2224; x_wconf 79' lang='grc' dir='ltr'>Θανάτου</span> 
     </span>
     <span class='ocr_line' id='line_1_117' title="bbox 970 2235 1735 2286; baseline -0.007 -20"><span class='ocrx_word' id='word_1_805' title='bbox 970 2237 1086 2272; x_wconf 78' lang='grc' dir='ltr'>διελύθη·</span> <span class='ocrx_word' id='word_1_806' title='bbox 1117 2240 1160 2266; x_wconf 79' lang='grc' dir='ltr'>νῦν</span> <span class='ocrx_word' id='word_1_807' title='bbox 1180 2240 1225 2266; x_wconf 71' lang='grc' dir='ltr'>τοῦ</span> <span class='ocrx_word' id='word_1_808' title='bbox 1247 2238 1309 2266; x_wconf 82' lang='grc' dir='ltr'>ἅδου</span> <span class='ocrx_word' id='word_1_809' title='bbox 1333 2237 1362 2266; x_wconf 77' lang='grc' dir='ltr'>τὸ</span> <span class='ocrx_word' id='word_1_810' title='bbox 1384 2241 1454 2268; x_wconf 85' lang='grc' dir='ltr'>νῖκος</span> <span class='ocrx_word' id='word_1_811' title='bbox 1476 2235 1612 2286; x_wconf 78' lang='grc' dir='ltr'>διεῤῥάγη·</span> <span class='ocrx_word' id='word_1_812' title='bbox 1630 2237 1675 2263; x_wconf 82' lang='grc' dir='ltr'>νῦν</span> <span class='ocrx_word' id='word_1_813' title='bbox 1691 2236 1735 2262; x_wconf 79' lang='grc' dir='ltr'>τοῦ</span> 
     </span>
     <span class='ocr_line' id='line_1_118' title="bbox 970 2275 1736 2326; baseline -0.005 -21"><span class='ocrx_word' id='word_1_814' title='bbox 970 2277 1080 2305; x_wconf 78' lang='grc' dir='ltr'>Θανάτου</span> <span class='ocrx_word' id='word_1_815' title='bbox 1095 2277 1142 2311; x_wconf 82' lang='grc' dir='ltr'>ἦ</span> <span class='ocrx_word' id='word_1_816' title='bbox 1128 2277 1265 2305; x_wconf 80' lang='grc' dir='ltr'>ουναστεία</span> <span class='ocrx_word' id='word_1_817' title='bbox 1275 2276 1456 2326; x_wconf 84' lang='grc' dir='ltr'>κατήργηται·</span> <span class='ocrx_word' id='word_1_818' title='bbox 1472 2286 1514 2302; x_wconf 88' lang='grc' dir='ltr'>νυν</span> <span class='ocrx_word' id='word_1_819' title='bbox 1531 2277 1547 2309; x_wconf 83' lang='grc' dir='ltr'>ἡ</span> <span class='ocrx_word' id='word_1_820' title='bbox 1563 2275 1643 2322; x_wconf 73' lang='grc' dir='ltr'>ἔχθρα</span> <span class='ocrx_word' id='word_1_821' title='bbox 1656 2284 1736 2302; x_wconf 86' lang='grc' dir='ltr'>κατα-</span> 
     </span>
     <span class='ocr_line' id='line_1_119' title="bbox 969 2313 1736 2364; baseline 0.003 -20"><span class='ocrx_word' id='word_1_822' title='bbox 969 2317 1095 2345; x_wconf 74' lang='grc' dir='ltr'>ὶέλυται·</span> <span class='ocrx_word' id='word_1_823' title='bbox 1110 2319 1154 2345; x_wconf 73' lang='grc' dir='ltr'>νῦν</span> <span class='ocrx_word' id='word_1_824' title='bbox 1169 2319 1182 2345; x_wconf 84' lang='grc' dir='ltr'>ὁ</span> <span class='ocrx_word' id='word_1_825' title='bbox 1201 2316 1327 2364; x_wconf 66' lang='grc' dir='ltr'>χρόνιοςε</span> <span class='ocrx_word' id='word_1_826' title='bbox 1317 2315 1439 2344; x_wconf 56' lang='lat' dir='ltr'>{aesc-tou.</span> <span class='ocrx_word' id='word_1_827' title='bbox 1464 2313 1590 2351; x_wconf 79' lang='grc' dir='ltr'>πόλεμος·</span> <span class='ocrx_word' id='word_1_828' title='bbox 1606 2313 1736 2351; x_wconf 68' lang='grc' dir='ltr'>ἅνθρωποι</span> 
     </span>
     <span class='ocr_line' id='line_1_120' title="bbox 969 2352 1737 2405; baseline -0.007 -21"><span class='ocrx_word' id='word_1_829' title='bbox 969 2356 1028 2385; x_wconf 87' lang='grc' dir='ltr'>τότε</span> <span class='ocrx_word' id='word_1_830' title='bbox 1040 2355 1164 2406; x_wconf 81' lang='grc' dir='ltr'>ἀγγέλοις</span> <span class='ocrx_word' id='word_1_831' title='bbox 1192 2355 1376 2405; x_wconf 65' lang='grc' dir='ltr'>υμοιώθησαν,</span> <span class='ocrx_word' id='word_1_832' title='bbox 1402 2355 1534 2401; x_wconf 85' lang='grc' dir='ltr'>ἄνθρωποι</span> <span class='ocrx_word' id='word_1_833' title='bbox 1549 2357 1600 2384; x_wconf 87' lang='grc' dir='ltr'>τοῖς</span> <span class='ocrx_word' id='word_1_834' title='bbox 1617 2352 1737 2390; x_wconf 78' lang='grc' dir='ltr'>ἀγγέλοις</span> 
     </span>
     <span class='ocr_line' id='line_1_121' title="bbox 970 2391 1737 2433; baseline -0.008 -9"><span class='ocrx_word' id='word_1_835' title='bbox 970 2395 1142 2433; x_wconf 80' lang='grc' dir='ltr'>ἁνεμίγησαν,</span> <span class='ocrx_word' id='word_1_836' title='bbox 1157 2395 1200 2424; x_wconf 76' lang='grc' dir='ltr'>καὶ</span> <span class='ocrx_word' id='word_1_837' title='bbox 1215 2394 1293 2427; x_wconf 89' lang='grc' dir='ltr'>πολυς</span> <span class='ocrx_word' id='word_1_838' title='bbox 1309 2396 1371 2432; x_wconf 84' lang='grc' dir='ltr'>παρ’</span> <span class='ocrx_word' id='word_1_839' title='bbox 1387 2392 1510 2430; x_wconf 79' lang='grc' dir='ltr'>ἑκατέρας</span> <span class='ocrx_word' id='word_1_840' title='bbox 1522 2394 1568 2427; x_wconf 83' lang='grc' dir='ltr'>τ’ῆς</span> <span class='ocrx_word' id='word_1_841' title='bbox 1586 2391 1737 2429; x_wconf 83' lang='grc' dir='ltr'>ὁυ.ωνυμιας</span> 
     </span>
     <span class='ocr_line' id='line_1_122' title="bbox 969 2431 1737 2481; baseline -0.007 -17"><span class='ocrx_word' id='word_1_842' title='bbox 969 2438 982 2464; x_wconf 87' lang='grc' dir='ltr'>ὁ</span> <span class='ocrx_word' id='word_1_843' title='bbox 999 2435 1139 2472; x_wconf 82' lang='grc' dir='ltr'>συνδεσμος</span> <span class='ocrx_word' id='word_1_844' title='bbox 1154 2435 1346 2463; x_wconf 85' lang='grc' dir='ltr'>πεπολίτευται.</span> <span class='ocrx_word' id='word_1_845' title='bbox 1366 2433 1471 2467; x_wconf 84' lang='grc' dir='ltr'>Ανηλθε</span> <span class='ocrx_word' id='word_1_846' title='bbox 1484 2431 1535 2481; x_wconf 80' lang='grc' dir='ltr'>γὰρ</span> <span class='ocrx_word' id='word_1_847' title='bbox 1549 2434 1562 2459; x_wconf 89' lang='grc' dir='ltr'><strong>ὁ</strong></span> <span class='ocrx_word' id='word_1_848' title='bbox 1582 2431 1665 2462; x_wconf 82' lang='grc' dir='ltr'>κοινὸς</span> <span class='ocrx_word' id='word_1_849' title='bbox 1687 2432 1737 2459; x_wconf 77' lang='grc' dir='ltr'>Δε-</span> 
     </span>
     <span class='ocr_line' id='line_1_123' title="bbox 970 2470 1736 2511; baseline -0.009 -7"><span class='ocrx_word' id='word_1_850' title='bbox 970 2486 1067 2511; x_wconf 84' lang='grc' dir='ltr'>σποτης</span> <span class='ocrx_word' id='word_1_851' title='bbox 1088 2473 1254 2506; x_wconf 78' lang='grc' dir='ltr'>καταλλάξας</span> <span class='ocrx_word' id='word_1_852' title='bbox 1268 2474 1311 2502; x_wconf 83' lang='grc' dir='ltr'>τὸν</span> <span class='ocrx_word' id='word_1_853' title='bbox 1327 2475 1418 2502; x_wconf 83' lang='grc' dir='ltr'>ἑαυτου</span> <span class='ocrx_word' id='word_1_854' title='bbox 1440 2470 1546 2509; x_wconf 81' lang='grc' dir='ltr'>Πατερα</span> <span class='ocrx_word' id='word_1_855' title='bbox 1568 2472 1605 2510; x_wconf 81' lang='grc' dir='ltr'>τῷ</span> <span class='ocrx_word' id='word_1_856' title='bbox 1624 2472 1675 2498; x_wconf 79' lang='grc' dir='ltr'>τῶν</span> <span class='ocrx_word' id='word_1_857' title='bbox 1692 2471 1736 2498; x_wconf 81' lang='grc' dir='ltr'>ἀν-</span> 
     </span>
     <span class='ocr_line' id='line_1_124' title="bbox 969 2509 1735 2553; baseline -0.008 -10"><span class='ocrx_word' id='word_1_858' title='bbox 969 2514 1080 2553; x_wconf 79' lang='grc' dir='ltr'>θρώπυν</span> <span class='ocrx_word' id='word_1_859' title='bbox 1095 2514 1172 2552; x_wconf 80' lang='grc' dir='ltr'>γένει.</span> <span class='ocrx_word' id='word_1_860' title='bbox 1197 2514 1248 2542; x_wconf 84' lang='grc' dir='ltr'>Και</span> <span class='ocrx_word' id='word_1_861' title='bbox 1268 2513 1309 2542; x_wconf 71' lang='grc' dir='ltr'>ὅτι</span> <span class='ocrx_word' id='word_1_862' title='bbox 1332 2512 1374 2541; x_wconf 77' lang='grc' dir='ltr'>διὰ</span> <span class='ocrx_word' id='word_1_863' title='bbox 1398 2523 1472 2540; x_wconf 89' lang='grc' dir='ltr'>τουτο</span> <span class='ocrx_word' id='word_1_864' title='bbox 1489 2511 1614 2545; x_wconf 80' lang='grc' dir='ltr'>ἀνῆλθεν,</span> <span class='ocrx_word' id='word_1_865' title='bbox 1627 2509 1735 2538; x_wconf 81' lang='grc' dir='ltr'>ἄκουσον</span> 
     </span>
     <span class='ocr_line' id='line_1_125' title="bbox 970 2549 1733 2592; baseline 0.001 -15"><span class='ocrx_word' id='word_1_866' title='bbox 970 2565 1047 2582; x_wconf 62' lang='lat' dir='ltr'>Q&#39;JTOU</span> <span class='ocrx_word' id='word_1_867' title='bbox 1067 2553 1200 2592; x_wconf 45' lang='grc' dir='ltr'>λέγοντος·</span> <span class='ocrx_word' id='word_1_868' title='bbox 1222 2552 1314 2591; x_wconf 66' lang='grc' dir='ltr'>Συυ,’9έ</span> <span class='ocrx_word' id='word_1_869' title='bbox 1303 2564 1353 2591; x_wconf 65' lang='grc' dir='ltr'>5ρει</span> <span class='ocrx_word' id='word_1_870' title='bbox 1377 2553 1454 2589; x_wconf 78' lang='grc' dir='ltr'>υμῖν,</span> <span class='ocrx_word' id='word_1_871' title='bbox 1476 2550 1518 2578; x_wconf 52' lang='grc' dir='ltr'>ἵνα</span> <span class='ocrx_word' id='word_1_872' title='bbox 1540 2549 1591 2588; x_wconf 68' lang='grc' dir='ltr'>ἐγὼ</span> <span class='ocrx_word' id='word_1_873' title='bbox 1615 2549 1733 2578; x_wconf 54' lang='lat' dir='ltr'>duilon·</span> 
     </span>
    </p>
   </div>
  </div>
 </body>
</html>
