1843 2810
96 700 233 722 Jol1.1.2t‚

568 173 577 178 “
587 189 592 195 .
622 173 677 196 ,1οᾸ
686 173 760 196 Nms
788 173 967 196 ctittYSOST.

249 162 268 195 Οἵ

272 161 315 195 ἓο

566 177 579 191 l

998 173 1152 195 AnCfflEP.
1182 174 1447 197 CONSTANrtxor.

650 395 751 423 POST
771 395 967 423 REDITUM
987 396 1017 423 A
1039 396 1190 424 PRIORE
1213 396 1383 425 EXSILIO.

289 516 360 551 Quid
374 516 485 544 dinam?j
501 516 567 554 quid
586 516 679 553 loquar
695 515 708 543 ἶ)
724 515 884 544 Benedictus
905 517 985 544 Dens.

249 561 327 589 llunc
343 561 480 599 egrediens
498 561 558 589 dixi
577 571 735 595 sermonem,
750 561 822 589 hunc
839 561 931 589 iteravi
949 572 986 589 re-

248 614 362 641 vertens,
377 614 402 635 et
415 607 470 635 illic.
486 607 644 635 constitutus
658 607 731 634 hunc
743 607 769 634 in
782 617 826 635 ore
834 607 986 635 volvebam.

249 654 316 681 Puto
325 664 371 680 vos
384 653 542 685 meminisse,
555 663 615 680 cum
628 652 747 680 antehoc
756 652 864 680 beatum
879 653 930 681 Job
941 652 988 681 ad-

246 698 383 727 duxissem
399 699 425 726 in
442 699 529 727 medio
543 699 675 726 dicentem
692 711 697 725 :
710 699 753 727 Sit
768 709 872 727 nomen
886 700 987 727 Domi-

247 747 277 772 ni
295 746 483 773 benedictum.
499 745 573 772 Hauc
592 744 668 773 vobis
687 745 827 773 historiam
847 745 986 783 dereliqui,

247 792 293 819 lias
307 792 454 830 gratiarum
469 792 585 820 actiones
599 792 700 820 iterabo
717 803 860 831 regressus.
877 793 919 821 Sic
936 804 985 821 no-

244 849 309 866 men
332 840 452 866 Domini
475 839 656 866 benedictum
677 840 708 866 in
727 839 845 867 sceeula.
867 839 985 867 Diversae

242 894 331 911 rerum
342 894 438 919 eausoe,
452 883 499 912 sed
511 894 562 911 una
572 884 742 922 glorificatio.
754 884 789 912 Et
801 895 861 912 cum
872 885 985 923 expelle<

240 930 300 967 bar,
320 929 522 967 benedicebam,
541 936 566 958 et
587 940 708 958 reversus
735 930 829 958 iterum
849 930 985 959 benedico.

242 976 276 1004 Et
287 976 308 1004 si
325 976 406 1004 varia:
422 975 530 1013 quidem
545 986 638 1012 causae‚
650 975 696 1004 sed
713 987 765 1004 una
781 976 916 1004 delinitio.
934 977 985 1005 Su-

242 1031 288 1059 per
303 1021 417 1049 hiemem
432 1027 456 1049 et
474 1027 590 1049 aestatem
609 1032 678 1049 unus
699 1028 737 1049 est
761 1021 823 1049 linis
840 1033 845 1048 τ
862 1022 985 1057 cultui-ze,

240 1066 362 1094 fertilitas
378 1066 541 1103 subsequens
557 1066 654 1104 campi.
668 1066 829 1094 Benedictus
841 1067 925 1101 Deus,
940 1067 985 1104 qui

240 1111 366 1139 concessit
381 1110 473 1147 exire5
487 1111 643 1139 benedictus
659 1112 744 1147 Deus,
759 1111 804 1148 qui
819 1111 905 1139 redire
920 1123 986 1151 pra·-

239 1156 308 1194 cepit
319 1168 325 1192 3
338 1156 494 1184 benedictus
508 1157 591 1193 Dens,
608 1156 654 1195 qui
667 1156 788 1195 permisit
801 1156 928 1191 hiemem;
940 1157 985 1185 be-

240 1201 364 1229 nedictus
392 1202 474 1234 Deus,
498 1201 544 1239 qui
571 1201 695 1230 dissolvit
722 1201 847 1237 hiemem,
879 1210 903 1231 et
925 1203 986 1231 fecit

239 1247 467 1285 tranquillitatem.
481 1247 544 1275 Haec
558 1247 619 1275 dico
634 1247 780 1275 admonens
796 1258 856 1281 vos,
872 1255 901 1276 ut
918 1259 986 1277 sem-

239 1304 288 1332 per
311 1293 483 1321 benedicatis.
506 1293 535 1323 Si
560 1293 694 1322 evenerint
721 1293 802 1331 mala,
830 1294 984 1331 benedicite,

240 1344 264 1366 ‘'t.
280 1338 461 1366 dissolventur
477 1339 555 1367 mala.
573 1339 601 1367 Si
620 1349 744 1378 prospera
760 1339 894 1374 venerint,
907 1340 984 1368 bene-

236 1382 327 1418 dicite,
346 1390 371 1411 ct
391 1383 600 1421 perseverabunt
618 1394 753 1422 prospera.
773 1384 913 1421 Siquidem
932 1385 984 1413 Job

237 1440 297 1458 euin
315 1430 341 1458 in
356 1430 490 1468 prosperis
504 1437 581 1466 esset,
594 1430 769 1458 benedicebat
783 1442 787 1457 z
803 1438 828 1458 et
843 1441 903 1459 cum
916 1442 983 1470 pan-

237 1486 283 1514 pcr
293 1483 359 1503 esset
370 1475 488 1509 effeetus,
500 1475 776 1513 glorifical)at.Neque
787 1482 850 1504 tune
861 1476 982 1514 ingratus

235 1521 296 1558 fuit,
312 1532 395 1559 neque
413 1528 501 1560 postea
515 1522 722 1560 blasphemavit.
743 1522 856 1550 Diversa
872 1522 981 1560 quidem

235 1573 363 1605 tempora,
383 1566 429 1594 sed
450 1577 501 1594 una
520 1567 645 1595 voluntas
667 1579 672 1594 ε
697 1567 870 1605 gubernantis
891 1575 980 1597 actum

236 1622 283 1639 nee
310 1612 489 1650 tranquillitas
512 1613 632 1649 resolvit,
655 1623 702 1640 nee
725 1619 866 1651 tempestas
885 1613 980 1642 hiemis

235 1656 375 1695 demergit.
394 1657 553 1685 Benedictus
572 1659 654 1693 Deus,
670 1664 695 1685 et
715 1668 775 1685 cum
794 1668 807 1685 a
828 1658 906 1687 vobis
920 1670 979 1688 sum

235 1710 397 1741 segregatus,
413 1709 437 1730 et
453 1713 513 1730 cum
529 1703 627 1731 iterum
646 1703 731 1742 recepi
749 1714 806 1731 vos.
823 1705 853 1732 In
869 1711 979 1743 utroque

236 1748 283 1775 uei
297 1747 466 1786 providentia
477 1755 523 1776 est.
535 1749 679 1787 Separatus
690 1759 704 1776 a
719 1749 795 1777 vobis
806 1760 923 1788 corpore,
931 1751 978 1780 sed

234 1793 321 1821 anima
335 1804 385 1821 non
399 1804 457 1821 sum
475 1804 488 1821 a
500 1794 578 1821 vobis
590 1793 704 1822 divisus.
718 1794 753 1822 Et
768 1805 801 1822 ex
812 1802 901 1823 vestro
913 1797 977 1824 assc-

234 1847 276 1867 ctu
292 1850 380 1867 meum
392 1839 522 1867 metimini
535 1840 664 1868 animum.
673 1840 708 1868 Et
719 1840 786 1877 quid
797 1840 906 1869 dicam?
917 1843 975 1870 Non

233 1896 291 1913 sum
314 1892 451 1924 separatus
472 1896 485 1913 a
502 1885 587 1920 vobis,
606 1885 651 1913 sed
668 1886 753 1924 magis
771 1896 896 1915 accensus
916 1898 975 1916 sum

231 1931 363 1959 desiderio
380 1930 470 1966 vestriy
481 1930 552 1968 quod
569 1931 648 1959 etiam
662 1930 696 1959 dc
708 1931 785 1960 vobis
801 1933 914 1962 conlido.
927 1935 974 1962 Ni-

234 1976 269 2003 hil
287 1976 363 2004 nobis
378 1986 490 2004 nocuere
505 1975 617 2011 insidiae,
635 1976 705 2004 nihil
719 1976 787 2004 laesit
803 1977 915 2013 invidia,
929 1979 975 2007 sed

232 2021 317 2058 inagis
327 2028 500 2058 augmentum
513 2021 638 2060 praestitit
652 2022 764 2057 caritatiy
776 2029 801 2050 et
814 2023 974 2062 multiplica-

232 2067 269 2094 vit
281 2067 477 2105 discipulorum
488 2078 628 2096 numerum
641 2079 649 2095 :
664 2074 723 2095 ante
736 2068 786 2096 hoc
798 2069 867 2097 enim
879 2069 973 2109 dilige-

230 2111 278 2139 bar
288 2123 301 2139 a
312 2112 385 2144 meis,
400 2123 469 2140 nunc
479 2123 542 2141 vero
553 2113 750 2141 honorificabor
761 2125 775 2141 a
786 2114 895 2143 Judaeis.
908 2116 974 2154 Spe-

229 2158 321 2185 rabant
343 2169 384 2185 me
400 2170 414 2186 a
435 2159 499 2187 meis
515 2159 578 2187 liliis
596 2170 727 2198 separare,
745 2160 791 2188 scd
807 2161 891 2199 magis
905 2162 972 2191 mihi

229 2210 368 2231 extrancos
380 2204 570 2242 adjunxerunt.
579 2206 637 2233 Non
648 2205 702 2233 illis
714 2216 790 2244 agam
803 2207 915 2244 gratias:
926 2208 972 2237 sed

230 2249 280 2276 Dei
290 2248 478 2277 misericordia·
494 2250 606 2287 gloriam
621 2251 744 2287 reseram,
756 2252 802 2289 qui
813 2259 923 2281 conatus
941 2254 971 2282 il-

229 2294 315 2322 lorum
329 2293 413 2321 malos
426 2294 451 2321 in
462 2295 557 2322 melius
567 2296 742 2324 commutavit
757 2309 762 2323 :
777 2307 836 2325 nam
847 2304 871 2325 et
881 2298 969 2327 Judaei

228 2340 420 2368 erucifixerunt
433 2340 581 2375 Christum,
595 2348 618 2369 et
634 2342 706 2370 illius
723 2350 806 2371 morte
820 2343 969 2373 humanum

228 2386 358 2414 salvatum
369 2392 406 2413 cst
419 2395 500 2423 genus
511 2397 517 2421 3
530 2396 581 2413 non
591 2387 645 2414 illis
657 2388 758 2425 gratim,
771 2388 815 2416 sed
827 2389 966 2418 crucifixo.

228 2430 399 2459 Considerent
411 2431 547 2468 quidboni
558 2442 647 2470 pugna
658 2443 748 2460 eorum
759 2435 893 2472 praestitit,
905 2436 967 2464 insi-

225 2477 275 2505 diae
289 2488 378 2506 eorum
389 2477 496 2516 qualem
511 2477 587 2506 nobis
601 2477 719 2507 laetitiam
738 2488 962 2517 prmparmerunt.

1042 517 1109 542 Ante
1122 514 1173 542 hoc
1187 514 1294 552 quidem
1309 514 1417 542 ecclesia
1432 515 1593 554 replebatur,
1611 515 1657 543 sed
1672 525 1741 544 nunc
1757 523 1781 543 et

1041 560 1067 588 in
1083 561 1177 599 plateis
1191 560 1305 588 ecclesiae
1318 561 1391 588 sticta‘
1402 568 1471 589 sunt.
1483 563 1517 590 Et
1526 562 1672 597 unanimes,
1684 570 1707 590 et
1720 573 1780 590 con—

1037 606 1123 644 juncti
1139 606 1290 644 psallentes,
1305 606 1355 634 Dei
1368 606 1393 634 in
1404 617 1452 635 vos
1465 607 1615 645 provocatis
1627 614 1761 646 aspectum
1773 620 1777 634 z

1041 663 1116 680 voces
1136 659 1228 681 vestra*
1248 652 1304 680 caeli
1327 660 1424 681 secreta
1446 660 1633 692 penetrarunt,
1651 661 1679 681 ut
1695 654 1780 681 omnis

1039 705 1102 725 zetas
1116 705 1217 726 vestras
1231 698 1393 736 psalmodias
1406 698 1546 726 miraretur
1558 705 1665 726 attenta.
1680 700 1780 727 Cursus

1038 754 1166 781 equorum
1184 744 1275 777 hodie,
1293 751 1316 771 et
1334 744 1411 782 pauci
1429 744 1503 779 illuc,
1519 744 1572 772 imo
1589 744 1676 772 cuncti
1692 743 1718 772 in
1733 755 1777 772 ec-

1038 789 1114 816 clesia
1134 802 1139 817 :
1156 790 1230 826 quasi
1248 796 1348 817 torrens
1358 789 1469 827 quidam
1482 800 1512 817 ac
1526 789 1626 818 fluvius
1638 796 1723 818 vestra
1740 790 1779 817 sa-

1038 841 1077 862 cta
1085 842 1122 863 est
1131 834 1284 863 multitudo.
1292 836 1379 864 Voces
1385 842 1478 863 vestra:
1488 834 1665 863 elevanturad
1675 835 1778 870 caelnm,

1037 891 1153 909 amorem
1170 881 1215 919 qui
1230 881 1262 908 ad
1280 888 1381 919 patrem
1397 887 1434 908 est
1448 879 1622 908 ostendentes.
1638 881 1778 909 Orationes

1039 933 1131 954 vestrae
1153 937 1241 954 meum
1264 933 1457 954 coronaverunt
1475 933 1564 964 caput.
1586 926 1680 954 Oratio
1704 927 1776 954 omni

1038 973 1130 1000 monili
1141 973 1294 1011 praeclarior
1302 973 1352 1001 viri
1363 980 1387 1000 et
1397 973 1567 1001 mulieris.ln
1576 974 1691 1001 Christo
1699 976 1777 1001 euim

1037 1018 1108 1046 Jesu
1132 1029 1191 1046 uon
1214 1019 1370 1051 masculus,
1396 1029 1488 1057 neque
1501 1020 1631 1057 semitm.
1656 1019 1778 1054 Qualiter

1037 1075 1157 1092 enarrem
1171 1064 1300 1103 potentias
1317 1065 1437 1099 Domini,
1450 1071 1496 1092 aut
1512 1064 1644 1092 mirabilia
1660 1066 1716 1104 ejus
1732 1076 1775 1094 re—

1038 1110 1177 1137 censeam?
1190 1110 1295 1139 Videtis
1306 1110 1367 1147 quia
1378 1109 1448 1148 quod
1462 1110 1522 1138 dico
1533 1120 1625 1138 verum
1635 1117 1689 1138 est:
1702 1110 1778 1145 Quo-

1038 1156 1110 1184 niam
1125 1157 1146 1185 si
1158 1156 1218 1195 quis
1229 1156 1400 1184 tentationem
1409 1156 1522 1185 viriliter
1534 1156 1633 1192 tulerit,
1649 1167 1776 1195 magnum

1037 1212 1070 1229 ex
1084 1202 1139 1241 ipsa
1155 1202 1300 1231 vindemiat
1314 1203 1440 1230 fructum.
1457 1201 1519 1229 Ideo
1534 1213 1584 1230 vos
1597 1201 1630 1230 ad
1644 1203 1777 1241 apostolos

1038 1248 1173 1283 invitavit,
1195 1255 1223 1276 ut
1239 1248 1272 1276 ad
1289 1259 1344 1283 eos,
1364 1249 1408 1286 qui
1429 1247 1573 1285 aliquando
1591 1249 1775 1287 persequutio-

1038 1304 1096 1322 nem
1108 1294 1177 1333 passi
1192 1294 1304 1329 fuerant,
1318 1294 1475 1322 veniremus.
1488 1293 1522 1321 Et
1533 1304 1580 1321 nos
1589 1293 1696 1331 quidem
1710 1294 1776 1322 iusi—

1036 1339 1093 1367 dias
1114 1339 1194 1377 passi,
1214 1339 1253 1367 illi
1272 1350 1336 1367 vero
1354 1339 1513 1378 impugnati.
1530 1338 1582 1367 Sed
1601 1338 1702 1367 inimici
1722 1339 1775 1367 illis

1036 1385 1103 1413 nihil
1119 1392 1263 1413 nocuerunt
1280 1397 1284 1412 :
1302 1385 1364 1423 qnia
1379 1385 1419 1413 isti
1435 1385 1526 1413 orbem
1543 1391 1671 1412 terrarum
1685 1384 1776 1413 luera-

1035 1438 1138 1459 verunt.
1152 1431 1300 1460 Veniamus
1314 1430 1349 1458 ad
1364 1438 1450 1458 sancta
1468 1441 1587 1469 corpora,
1604 1441 1661 1468 qum
1674 1431 1775 1459 Chris-ti

1033 1476 1157 1515 stigmata
1172 1483 1357 1515 portaverunt.
1382 1477 1530 1505 Veniamus
1550 1475 1584 1503 ad
1600 1476 1774 1504 Timotheum

1033 1533 1133 1551 novum
1143 1523 1267 1559 Paulum,
1279 1530 1303 1550 et
1316 1522 1450 1550 Andrean]
1460 1522 1573 1550 alterum
1583 1523 1699 1550 Petrum.
1710 1522 1773 1550 Cre-

1032 1568 1122 1597 dimus
1133 1569 1224 1608 juvari
1236 1579 1284 1597 nos
1298 1569 1405 1596 illorum
1421 1568 1532 1596 meritis.
1551 1568 1580 1596 Si
1596 1568 1702 1597 virilem
1718 1569 1774 1598 ani-

1033 1624 1106 1641 mum
1124 1614 1202 1652 geris,
1219 1624 1270 1642 non
1286 1614 1378 1642 timeas
1393 1613 1557 1642 tentationes.
1575 1614 1673 1641 Omnes
1690 1614 1772 1642 sancti

1032 1670 1078 1698 per
1088 1659 1136 1687 ista
1146 1660 1315 1688 transierunt.
1325 1659 1412 1687 Multa
1421 1659 1559 1687 tribulatio
1567 1669 1718 1697 coqiorum,
1726 1659 1771 1687 sed

1032 1705 1118 1743 majus
1134 1705 1301 1743 refrigerium
1316 1704 1476 1732 animarum.
1493 1704 1601 1732 Praestet
1615 1714 1661 1732 vos
1676 1703 1771 1732 Domi-

1030 1760 1079 1777 nus
1096 1761 1198 1789 semper
1217 1750 1320 1788 augeri,
1342 1756 1367 1777 ct
1384 1749 1498 1778 celebres
1517 1756 1663 1778 conventus
1679 1759 1766 1787 agere.

1030 1795 1123 1823 Gloria
1135 1796 1234 1834 quippe
1245 1795 1357 1834 pastoris
1372 1802 1410 1823 est
1423 1795 1515 1823 ovium
1527 1794 1681 1824 multitudo.
1694 1796 1767 1830 Quid

1028 1841 1123 1869 faciam
1134 1841 1147 1869 ἒ)
1158 1840 1223 1879 quid
1238 1841 1331 1878 loquar
1343 1841 1356 1868 ἶ)
1366 1840 1501 1869 Incultum
1513 1841 1559 1868 ubi
1574 1841 1701 1869 seminem
1714 1852 1766 1871 non

1027 1886 1111 1914 haheo
1125 1897 1229 1925 agrum.
1243 1886 1359 1914 Extensa
1375 1893 1413 1914 est
1424 1897 1542 1925 propago
1553 1886 1649 1915 vitium
1661 1909 1668 1922 ,
1680 1888 1767 1926 perse-

1027 1940 1098 1961 ctum
1108 1940 1145 1961 est
1154 1933 1294 1971 templum,
1303 1940 1325 1960 et
1333 1943 1386 1971 pree
1395 1932 1566 1960 multitudine
1573 1932 1686 1971 piscium
1694 1943 1766 1961 rum-

1026 1985 1128 2017 puntur
1143 1978 1206 2006 retia
1221 1989 1287 2006 mea.
1299 1977 1371 2012 Quid
1382 1977 1499 2005 faciam?
1514 1977 1665 2006 Laborandi
1676 1978 1764 2007 locum

1027 2035 1078 2053 non
1095 2025 1190 2059 habeo,
1202 2024 1335 2063 gaudendi
1347 2024 1432 2052 habeo
1445 2031 1558 2062 tempus.
1571 2023 1634 2052 ldeo
1649 2024 1744 2062 loquor
1755 2036 1761 2052 t

1026 2081 1077 2098 non
1090 2070 1152 2108 quia
1164 2070 1289 2108 indigetis
1300 2069 1430 2105 doctrina,
1443 2069 1487 2097 sed
1500 2076 1528 2097 ut
1542 2079 1628 2097 meam
1636 2069 1763 2098 volunta-

1026 2123 1078 2144 tem
1090 2116 1166 2145 vobis
1176 2116 1321 2144 ostendam.
1334 2115 1443 2153 Ubique
1453 2115 1532 2154 spicae
1544 2121 1656 2143 comant.
1671 2116 1764 2144 Tantae

1025 2172 1097 2195 oves,
1109 2168 1133 2190 et
1146 2172 1278 2199 nusquam
1288 2161 1387 2200 lupus;
1399 2167 1436 2189 tot
1447 2161 1534 2199 spiece,
1543 2166 1567 2188 et
1579 2170 1708 2197 nusquam
1719 2161 1762 2189 lo-

1024 2208 1109 2244 lium;
1128 2214 1204 2236 tanta:
1216 2207 1310 2242 vineae,
1325 2214 1348 2235 et
1366 2216 1496 2243 nusquam
1507 2205 1611 2244 vulpes.
1623 2206 1678 2234 Ubi
1693 2217 1763 2235 nunc

1024 2255 1103 2282 latent
1112 2254 1169 2293 lupi
1178 2253 1191 2281 Ρ
1199 2264 1251 2291 quo
1259 2252 1491 2290 abierumvulpcs,
1501 2262 1560 2289 quae
1567 2262 1610 2279 eos
1619 2262 1762 2290 persequu-

1023 2307 1054 2328 tae
1065 2306 1125 2328 sunt
1134 2299 1146 2327 P
1156 2300 1179 2328 O
1190 2309 1245 2327 rem
1257 2297 1404 2326 inauditam
1415 2297 1421 2326 !
1434 2304 1524 2336 pastor
1534 2297 1653 2335 quiescit,
1662 2304 1687 2325 et
1698 2308 1762 2327 oves

1021 2346 1146 2384 luporum
1162 2344 1261 2372 rabiem
1277 2343 1432 2380 abegerunt,
1449 2342 1559 2370 insidias
1574 2342 1698 2381 vulpium
1712 2354 1760 2383 op-

1021 2389 1212 2429 presserunt.O
1222 2388 1446 2427 oviumsapientia
1456 2387 1463 2417 Ῐ
1473 2398 1488 2416 o
1501 2388 1620 2416 filiorum
1632 2389 1756 2419 affectus!

1021 2446 1036 2463 o
1047 2434 1240 2473 discipulorum
1252 2431 1360 2461 caritas!
1372 2444 1387 2461 o
1399 2433 1572 2472 pulchritudo
1584 2432 1699 2472 sponsae!
1710 2434 1758 2462 ab·

1021 2487 1091 2509 sente
1103 2479 1160 2509 viro
1171 2479 1259 2516 abegit
1269 2477 1416 2516 adulteros3
1429 2485 1538 2507 ostensae
1548 2485 1610 2507 sunt
1620 2479 1676 2517 ejus
1685 2478 1757 2508 divi-
