1830 2829
513 174 543 196 {N
572 176 687 207 namn,
713 177 740 198 sl
768 177 939 200 itslinll-:ul'r
965 179 1125 211 immons,
1155 182 1229 204 1³:111.

96 235 160 274 πρὸς
172 235 201 264 τὸ
214 235 422 276 διαχειρίσασθαι
437 235 479 265 τὸν
495 236 595 275 ἐχθρόν.
607 236 682 278 ῚιΙΞει
693 238 743 277 γὰρ
758 241 846 279 σαφῶς
855 263 861 275 ,

93 283 134 312 ὅτι
155 282 284 322 διαφυγὼν
307 283 384 311 αὐτοῦ
406 281 453 314 τὰς
471 287 576 322 χεῖρας,
599 284 679 311 πάλιν
700 287 757 313 κατ’
783 287 861 314 αὐτοῦ

94 328 220 363 στήσεται
232 340 237 346 ·
256 329 312 357 ἀλλ’
327 327 410 356 εἵλετο
423 329 522 365 μᾶλλον
534 329 610 362 αὐτὸς
624 331 779 359 κινδυνεύειν
794 334 861 361 ἁπο-

94 373 175 407 λύσας
189 374 232 402 τὸν
254 373 415 408 ἠδικηκότα,
430 373 446 407 ἢ
460 376 507 408 τῆς
528 377 585 403 καθ’
609 376 700 405 ἑαυτὸν
717 378 861 416 ἄσοαλείας

93 422 209 459 προνοῶν
232 419 441 459 διαχειρίσασθαι
455 420 497 449 τὸν
513 421 647 459 πολέμιον.
666 422 701 451 Τί
717 423 810 462 γένοιτ’
830 424 859 452 ἂν

95 461 138 494 οὖν
148 466 203 494 ἶσον
216 467 261 500 τῆς
274 466 390 504 μεγάλης
402 466 446 494 καὶ
457 467 575 503 γενναίας
590 468 690 504 ἐκείνης
702 470 801 508 ψυχῆς,
813 470 840 502 ὃς
852 493 859 506 ,

92 514 137 540 τοῦ
145 512 224 550 νόμου
236 511 382 544 κελεύοντος
397 511 538 551 ἐξορύττειν
552 514 684 552 ὀφθαλμὸν
695 514 751 542 ἀντὶ
763 516 859 554 ὀφθαλ-

93 561 152 596 μοῦ,
163 558 207 586 καὶ
218 557 310 586 ὀδόντα
321 558 378 586 ἀντὶ
389 558 500 594 ὀδόντος,
513 559 556 587 καὶ
566 564 619 592 τοῖς
631 559 695 593 ἴσοις
705 560 858 598 ἀμύνεσθαι,

90 606 119 633 οὔ
131 604 206 642 μόνον
218 607 293 634 τοῦτο
305 606 351 633 οὐκ
360 605 509 645 εἰργάσατο,
521 605 588 634 ἀλλὰ
599 606 642 634 καὶ
653 608 742 646 πολλῷ
751 607 858 640 πλείονα

87 650 242 690 φιλοσοφίαν
261 650 407 684 ἐπεδείξατο
418 662 425 685 ;
449 650 541 680 Καίτοι
562 663 591 690 γε
615 653 638 680 εἰ
659 653 783 692 ἀνῃρήκει
800 654 858 683 τότε

90 695 133 724 τὸν
149 695 251 731 Σαοὺλ,
265 696 309 724 καὶ
321 695 402 728 οὕτως
412 697 483 735 αὐτῷ
494 697 644 736 φιλοσοφίας
655 698 785 737 ἐγκώμιον
797 700 858 728 ἄχε’·

92 754 163 780 ραιον
177 743 275 780 ἔμενεν,
290 744 318 770 οὐ
331 742 408 780 μόνον
418 741 459 771 δ’τι
473 742 592 780 ἠμύνατο
604 766 610 778 ,
623 744 670 773 οὐκ
683 745 758 778 αὐτὸς
767 746 856 785 ἅρχων

88 791 184 828 χειρῶν
200 789 306 823 ἀδίκων,
319 790 376 817 ἀλλ’
391 788 431 817 ὅτι
446 789 490 817 καὶ
500 812 507 825 ,
522 789 674 829 Ὀφθαλμὸν
689 792 746 820 ἀντὶ
762 794 857 831 ὀφθαλ-

89 837 140 871 μοῦ
149 857 156 868 ,
184 835 251 872 μετὰ
280 836 379 870 πολλῆς
406 835 479 864 ἐνίκα
497 836 544 870 τῆς
562 836 711 870 ἐπιεικείας,
740 839 780 866 Οὐ
805 839 856 879 γὰρ

89 879 146 908 ἀντὶ
159 885 220 918 μιᾶς
232 883 333 920 σφαγῆς
348 880 410 919 μίαν
425 882 530 922 ἐπῆρεν,
546 882 602 911 ἀλλ’
619 882 678 911 *ὅτι
692 884 796 912 πολλῶν
812 887 855 913 θα-

88 925 182 962 νάτων,
197 928 232 954 ὡν
249 928 344 960 ἐκεῖνος
357 926 497 965 ἐπήγαγεν,
512 929 559 966 οὐχ
574 928 659 964 ἅπαξ,
676 930 704 957 οὐ
720 929 771 965 δὶς,
787 931 855 960 ἀλλὰ
882 951 888 958 1

89 971 216 1004 πολλάκις
224 972 300 1001 αὐτὸν
313 972 482 1012 ἐπιχειρήσας
493 974 602 1010 ἀνελεῖν,
614 974 659 1003 ἕνα
669 975 775 1013 ἔμελλεν
788 977 853 1006 ἐπα-

87 1021 176 1057 γαγεῖν
191 1017 299 1047 θάνατον
309 1031 314 1036 ·
332 1019 430 1057 μᾶλλον
444 1019 470 1048 δὲ
484 1021 512 1048 οὗ
528 1024 610 1049 ταῦτα
625 1021 712 1059 μόνον,
727 1023 794 1051 ἀλλὰ
811 1024 854 1052 καὶ

88 1064 221 1092 δεδοικότα
241 1065 271 1094 τὸ
295 1065 390 1102 μέλλον
416 1065 496 1097 οὕτως
517 1066 560 1094 ἐπὶ
583 1066 629 1102 τὴν
650 1067 752 1105 ἄμυναν
776 1069 854 1108 ἔρχε-

89 1111 164 1145 σθαι,
179 1109 223 1138 καὶ
237 1113 313 1138 τοῦτο
333 1111 398 1148 μετὰ
410 1112 461 1139 τῶν
474 1111 616 1150 εἰρημένων
630 1112 772 1152 ὁλόκληρον
785 1116 855 1154 αὐτῷ

88 1155 132 1183 τὸν
152 1157 199 1190 τῆς
221 1155 384 1189 ἀνεξικακίας
407 1157 528 1197 διεγείρει
540 1158 676 1196 στέφανον.
693 1158 726 1187 Ὁ
744 1160 790 1197 μὲν
805 1161 856 1200 γὰρ

89 1200 155 1240 ὑπὲρ
166 1202 217 1229 τῶν
232 1201 412 1240 γεγενημένων
428 1204 463 1234 εἷς
484 1203 562 1232 αὐτὸν
579 1204 743 1242 ὀργιζόμενος
757 1206 801 1234 καὶ
817 1219 856 1235 τιή-

90 1246 190 1284 μωρίαν
201 1248 329 1283 ἀπαιτῶν,
344 1249 389 1276 οὐκ
402 1247 431 1275 ἂν
447 1247 550 1277 δύναιτο
562 1251 612 1277 τῶν
629 1251 675 1284 τῆς
693 1251 856 1285 ἀνεξικακίας

87 1293 221 1330 ἐπιτυχεῖν
235 1293 386 1331 ἐγκωμίων·
397 1293 439 1322 τὸν
452 1294 478 1322 δὲ
491 1294 523 1322 τὰ
536 1294 583 1333 μὲν
595 1296 757 1334 παρελθόντα
768 1298 855 1326 πάντα

87 1337 172 1366 πολλὰ
189 1337 251 1366 ὄντα
266 1338 310 1366 καὶ
323 1339 427 1378 χαλεπὰ
440 1339 552 1379 ἀφέντα,
565 1340 630 1380 ὑπὲρ
644 1341 671 1370 δὲ
684 1345 728 1371 τοῦ
744 1343 854 1380 μέλλον-

87 1395 130 1416 τος
155 1383 288 1412 δεδοικότα
315 1384 359 1413 καὶ
402 1386 682 1424 προκατασκευάζοντα
709 1389 853 1427 ἀσφάλειαν

88 1431 183 1468 ἑαυτῷ,
200 1429 245 1458 καὶ
260 1429 302 1459 διὰ
317 1433 392 1459 τοῦτο
409 1432 615 1471 ἀναγκαζόμενον
631 1433 674 1462 ε’πὶ
689 1433 737 1469 τὴν
752 1435 854 1473 ἄμυναν

88 1474 257 1514 ἀνέρχεσθαι,
278 1476 360 1509 οὐδεὶς
376 1475 406 1505 ἃν
420 1479 471 1506 τῶν
490 1479 537 1513 τῆς
551 1479 692 1513 ἐπιεικείας
707 1481 853 1521 ἀποστερή-

88 1532 141 1549 σειε
156 1522 296 1561 στεφάνων.

122 2198 192 2229 Ἀλλ’
202 2200 273 2239 ὅμως
284 2203 297 2230 ὃ
307 2202 390 2231 Δαυὶδ
402 2203 459 2231 οὐδὲ
473 2205 548 2233 τοῦτο
559 2204 690 2240 ἐποίησεν,
710 2205 777 2235 ἀλλὰ
790 2218 846 2235 και-

80 2245 122 2274 νόν
135 2259 194 2275 τινα
208 2247 252 2276 καὶ
267 2247 411 2287 παράδοξον
431 2244 488 2288 εἶρε
506 2250 658 2290 φιλοσοφίας
679 2251 789 2290 τρόπον’
802 2253 847 2281 καὶ

79 2291 138 2321 οὔτε
148 2295 164 2328 ἠ
180 2293 270 2331 μνήμη
282 2296 333 2322 τῶν
347 2295 538 2335 παρελθόντων,
550 2299 598 2336 οὐχ
608 2299 621 2325 ὁ
632 2296 709 2336 φόὸος
720 2299 770 2327 τῶν
785 2299 847 2336 μελ-

80 2337 187 2374 λόντων,
198 2340 247 2378 οὐχ
256 2342 272 2375 ἡ
284 2340 419 2380 προτροπὴ
430 2345 475 2371 τοῦ
486 2346 642 2381 στρατηγοῦ,
656 2344 705 2382 οὐχ
717 2346 733 2379 ἡ
749 2345 847 2384 ἐρημία

79 2385 124 2412 τοῦ
138 2384 218 2413 τόπου
229 2408 236 2421 ,
250 2387 278 2414 οὗ
293 2385 323 2414 τὸ
333 2389 379 2421 τῆς
394 2390 495 2426 σφαγῆς
509 2388 622 2425 εὔκολον,
635 2391 682 2418 οὐκ
697 2389 761 2419 ἄλλο
775 2390 845 2420 οὐδὲν

79 2428 208 2468 διήγειρεν
223 2430 299 2459 αὐτὸν
312 2432 377 2472 πρὸς
393 2433 436 2462 τὸν
452 2433 541 2472 φόνον·
563 2435 620 2462 ἀλλ’
633 2434 723 2476 ὥσπερ
743 2436 844 2476 εὐεργέ-

78 2484 123 2502 του
147 2475 231 2510 τινὸς,
256 2476 302 2505 καὶ
327 2478 429 2517 μεγάλα
453 2479 531 2508 αὐτὸν
556 2480 728 2516 πεποιηκότος
750 2483 845 2521 ἀγαθὰ,

1568 180 1631 212 20⁷»

915 241 1035 279 prosperi
1049 252 1108 281 spes
1123 252 1259 273 successus
1273 245 1365 280 eflicit,
1382 253 1411 275 ut
1430 248 1465 276 ad
1481 259 1536 278 rem
1551 262 1631 289 agen-

914 285 977 314 ‹lam
992 287 1086 326 majori
1099 288 1246 327 cupiditate
1257 290 1470 329 exardescamus,
1479 295 1550 331 quod
1566 303 1591 323 ct
1605 297 1630 325 in

914 330 961 359 illo
983 338 1039 359 tum
1058 332 1165 362 accidit.
1180 335 1319 373 Numquid
1342 343 1398 366 tunt
1420 339 1552 367 exercitus
1574 341 1632 370 dux

915 376 1068 405 consulebat
1082 385 1107 406 ct
1123 379 1273 408 incitabat?
1290 383 1420 420 numquid
1437 386 1631 423 praetcrilarum

914 432 1004 451 rerum
1019 424 1146 452 memoria
1157 425 1169 452 Ξ)
1181 426 1233 455 Sed
1251 426 1317 455 nihil
1327 428 1363 456 ad
1375 428 1474 458 caedem
1488 429 1565 459 illum
1577 431 1631 460 im-

912 512 1037 542 batonim
1053 514 1092 543 illi
1106 515 1132 543 in
1147 523 1261 545 mentem
1272 518 1373 548 idcirco
1384 520 1556 550 Dcumillum
1572 530 1631 552 tra—

912 557 1024 594 didisse,
1044 567 1073 589 ut
1095 561 1222 601 majorem
1243 563 1283 591 illi
1298 564 1477 605 philosophia·
1492 571 1631 598 materiam

912 610 937 631 ct
955 604 1118 634 occasionem
1139 608 1279 646 pra·berct⁴
1301 611 1338 638 Ac
1355 621 1402 640 vos
1423 612 1531 650 quidem
1553 614 1632 644 illum

911 649 1020 679 sortasse
1040 651 1187 690 miramini,
1209 654 1282 692 quod
1307 656 1407 684 nullius
1432 668 1466 686 ex
1490 660 1632 698 pra-{critis

911 693 988 722 malis
1012 696 1168 725 recordatus
1190 697 1245 725 sit:
1274 709 1322 737 ego
1343 710 1406 728 vero
1428 709 1536 741 propter
1556 703 1632 732 aliud

910 740 997 768 multo
1019 743 1106 781 majus
1121 742 1208 781 ipsum
1219 744 1387 784 obstupesco.
1403 747 1477 782 Quid
1498 747 1567 777 illud
1591 750 1631 779 rei

910 786 968 814 cst?
981 787 1061 822 Quod
1076 798 1123 816 nec
1135 788 1288 818 futurorum
1301 791 1411 829 quidem
1426 800 1512 822 metus
1526 796 1631 824 eumad

910 831 1050 861 inimicum
1063 834 1213 863 necandum
1226 836 1372 875 impulerit.
1385 839 1496 879 Quippe
1511 841 1556 878 qui
1571 853 1631 881 pro-

910 877 943 906 be
954 887 1063 908 noverat
1071 891 1131 909 eum
1139 882 1219 910 semel
1227 893 1260 911 cx
1268 883 1352 922 ipsius
1361 885 1485 914 manibus
1497 886 1627 926 elapsum,

910 934 1002 953 rursus
1022 925 1062 953 illi
1085 932 1251 956 structurum
1266 928 1394 958 insidias:
1410 931 1457 960 sed
1473 932 1567 960 maluit
1582 933 1631 962 ad-

910 970 1058 999 versarium
1072 971 1188 1001 liberum
1202 973 1337 1003 dimittere
1351 986 1382 1004 ac
1396 977 1547 1015 periculum
1563 978 1630 1007 sub-

909 1016 960 1053 ire,
976 1027 1072 1055 quam,
1085 1025 1114 1046 ut
1136 1019 1232 1048 salutis
1246 1031 1299 1049 suze
1314 1022 1450 1051 securitati
1468 1024 1628 1062 consuleret,

909 1061 1198 1099 hostcmnccareQuid
1210 1076 1271 1094 cum
1286 1068 1436 1106 magnoillo
1445 1079 1629 1108 gcncrosoque

909 1107 998 1137 animo
1013 1110 1129 1139 conferri
1147 1111 1248 1148 possit,
1266 1113 1323 1150 qui,
1345 1124 1405 1142 cum
1423 1115 1530 1144 oculum
1548 1116 1628 1145 effodi

909 1153 953 1182 lex
977 1165 1026 1193 pro
1046 1156 1124 1184 oculo
1142 1157 1244 1195 jubeat,
1259 1165 1284 1187 ct
1297 1158 1402 1188 dentem
1425 1172 1474 1199 pro
1493 1161 1582 1197 dente,
1598 1173 1628 1191 ac
1641 1171 1678 1186 ²¹·

908 1210 958 1238 par
972 1200 1029 1239 pari
1043 1201 1148 1238 referri,
1164 1212 1216 1231 non
1231 1203 1311 1232 modo
1329 1204 1356 1233 id
1375 1216 1426 1234 non
1439 1206 1500 1236 fecit
1511 1230 1518 1244 ‚
1538 1208 1584 1237 sed
1603 1215 1628 1237 et

909 1245 994 1274 multo
1028 1246 1156 1285 majorem
1182 1248 1382 1289 philosophiam
1407 1262 1460 1290 prae
1491 1263 1518 1281 se
1549 1254 1630 1282 tulit?

909 1290 1080 1329 Quamquam
1093 1293 1115 1321 si
1135 1299 1192 1321 tum
1205 1294 1313 1323 Saulem
1334 1304 1459 1334 necasset,
1472 1298 1511 1326 sic
1524 1309 1629 1337 quoquc

906 1383 978 1421 quod
991 1383 1061 1412 ultus
1070 1391 1146 1419 essct,
1160 1395 1221 1413 cum
1233 1396 1281 1414 nec
1291 1387 1348 1426 ipse
1361 1388 1436 1426 prior
1445 1391 1630 1428 percussisset,
1641 1381 1683 1398 Μ’

906 1439 1001 1458 Verum
1019 1429 1098 1458 ctiam
1119 1431 1193 1468 quod
1216 1431 1321 1461 dictum
1337 1433 1417 1467 illud,
1432 1437 1556 1464 Oculum
1577 1448 1630 1476 pro

907 1475 1001 1511 oculo,
1015 1475 1094 1514 longe
1104 1477 1199 1515 majori
1215 1477 1343 1508 modestia
1358 1480 1543 1510 vicisset.Non
1558 1483 1630 1511 enim

905 1531 956 1560 pro
973 1531 1026 1550 una
1038 1521 1110 1550 caede
1125 1532 1207 1551 unam
1221 1523 1396 1563 rependisset,
1415 1526 1461 1554 sed
1474 1538 1523 1566 pro
1538 1528 1630 1557 multis

904 1567 1051 1605 mortibus,
1068 1579 1134 1606 quas
1156 1568 1202 1597 ille
1218 1569 1362 1607 intulerat,
1378 1570 1445 1601 dum
1459 1583 1512 1602 non
1535 1574 1627 1612 semel,

904 1622 956 1641 non
977 1613 1029 1650 bis,
1047 1613 1094 1642 sed
1113 1614 1249 1644 multoties
1264 1617 1353 1655 ipsum
1370 1618 1495 1647 occidere
1518 1627 1628 1648 conatus

903 1665 969 1696 erat,
986 1669 1068 1688 unam
1087 1659 1212 1689 illaturus
1233 1668 1347 1691 mortem
1362 1663 1454 1693 fuisset
1470 1676 1476 1692 ε
1492 1665 1547 1694 imo
1562 1677 1627 1695 vero

904 1715 955 1733 non
972 1705 1073 1734 idcirco
1087 1712 1200 1743 tantum,
1213 1706 1261 1736 sed
1273 1708 1353 1736 etiam
1365 1709 1437 1747 quod
1450 1717 1522 1738 metu
1537 1711 1625 1740 futuri

903 1750 1014 1779 adactus
1028 1750 1062 1780 ad
1082 1750 1209 1780 ultionem
1223 1753 1437 1792 progrederetur,
1448 1755 1500 1784 hoc
1519 1767 1626 1796 quoque

903 1803 998 1836 praeter
1013 1807 1053 1834 ea,
1069 1807 1128 1835 quae
1139 1796 1210 1826 dicta
1223 1805 1294 1835 sunt,
1311 1799 1443 1838 integram
1454 1801 1495 1829 illi
1510 1802 1625 1831 toleran-

904 1842 948 1870 tiae
966 1852 1091 1871 coronam
1105 1843 1231 1881 acquirit.
1248 1843 1302 1879 Qui
1315 1845 1386 1874 enim
1401 1853 1511 1886 propter
1522 1857 1551 1875 ea
1567 1858 1624 1885 qua:

903 1887 1056 1916 acciderant
1066 1911 1073 1925 ‚
1082 1888 1109 1917 in
1121 1899 1182 1917 eum
1197 1888 1281 1918 iratus
1298 1897 1364 1918 esset
1374 1901 1405 1919 ac
1412 1902 1503 1930 poenas
1516 1893 1624 1931 exegis-

905 1939 954 1971 set,
964 1933 1110 1962 tolerantiae
1126 1933 1234 1962 laudem
1249 1935 1372 1973 consequi
1389 1936 1500 1965 minime
1513 1945 1600 1976 posset
1615 1951 1620 1965 :

904 1989 965 2007 eum
979 1989 1042 2008 vero
1056 1979 1103 2016 qui
1115 1978 1249 2017 praeterita
1256 1980 1340 2008 multa
1352 1991 1434 2019 eaque
1446 1983 1539 2020 gravia
1553 1994 1622 2022 pra:-

905 2023 1050 2053 termittens
1073 2030 1147 2052 metu
1161 2024 1359 2054 imminentium
1378 2027 1562 2066 periculorum
1579 2040 1621 2058 sa-

903 2069 953 2097 luti
968 2080 1022 2098 suae
1046 2069 1206 2108 prospicere,
1227 2077 1305 2109 atque
1321 2071 1422 2101 idcirco
1435 2073 1471 2102 ad
1492 2074 1620 2104 ultionem

904 2115 1028 2154 progredi
1050 2122 1202 2154 cogeretur,
1215 2126 1292 2146 nemo
1310 2125 1398 2157 posset
1417 2119 1556 2149 modestiae
1577 2132 1621 2150 co—

904 2171 967 2189 rona
982 2161 1098 2200 privare.

943 2207 971 2235 7.
989 2207 1179 2237 Verumtamen
1188 2207 1280 2237 David
1295 2219 1328 2238 ne
1344 2208 1395 2238 hoc
1408 2211 1519 2249 quidem
1542 2213 1619 2251 fecit,

903 2252 950 2281 sed
971 2263 1072 2282 novum
1087 2253 1223 2291 quoddam
1244 2261 1269 2283 et
1284 2254 1422 2284 insolitum
1441 2257 1619 2298 philosophia:

902 2309 984 2338 genus
992 2299 1139 2334 adinvenit,
1148 2306 1172 2327 et
1182 2310 1266 2338 neque
1275 2301 1402 2330 memoria
1412 2304 1606 2341 praeteritorum
1613 2327 1620 2340 ‚

902 2356 987 2384 neque
1004 2346 1155 2374 futurorum
1169 2353 1255 2374 metus
1266 2369 1272 2380 ,
1289 2357 1374 2385 neque
1388 2347 1463 2376 ducis
1485 2350 1618 2379 exercitus

901 2391 1058 2428 cohortatio,
1072 2401 1120 2420 nec
1129 2391 1247 2420 solitudo
1256 2391 1319 2427 loci,
1334 2403 1385 2421 non
1401 2393 1515 2423 facilitas
1525 2395 1616 2433 caedis,

901 2447 953 2466 non
968 2436 1043 2465 aliud
1065 2436 1213 2475 quidquam
1229 2436 1264 2465 ad
1278 2437 1456 2467 homicidium
1473 2439 1550 2468 illum
1566 2440 1618 2469 im-

901 2483 971 2522 pulit
987 2494 992 2511 :
1008 2482 1055 2511 sed
1073 2489 1210 2521 tamquam
1232 2483 1314 2512 alicui
1333 2483 1367 2512 de
1385 2495 1412 2513 se
1428 2485 1496 2514 bene
1510 2486 1615 2523 merito,

113 2553 124 2564 ⁸
142 2553 234 2584 [Savil.
250 2557 274 2580 in
287 2565 366 2589 mai-g.
382 2565 429 2582 em.
448 2562 503 2589 μῖαν
515 2562 602 2590 ἐπῆγεν,
618 2562 670 2585 ἀλλ’
683 2564 731 2587 ἀντὶ
743 2564 840 2587 πολλῶν.
858 2562 920 2587 Ante
932 2560 966 2587 id.
981 2562 1048 2595 conj.
1063 2566 1127 2595 ἀκέρ.
1142 2565 1226 2594 ἔμεινεν
1239 2563 1287 2593 ὀίω]

1442 2597 1486 2623 14.

1665 445 1709 465 Cur
1720 444 1784 466 Saul«,

914 467 1002 505 pulit5
1019 468 1073 497 imo
1087 469 1143 509 ipsa
1158 471 1238 499 coedis
1251 472 1363 502 facilitas
1377 476 1500 505 avocavit
1514 490 1519 504 :
1538 478 1629 506 venic-
1643 483 1766 527 1¹*j'd¹;‘'i‘¹⁶‘''¹¹

1666 515 1669 517 ”
1687 514 1689 518 ’
1703 517 1707 526 ί
1720 523 1725 529 ο

1640 1134 1709 1155 Dent.
1727 1141 1761 1161 iq).

1690 1314 1781 1336 Dandi·

907 1336 1203 1377 illiphilosophiaelaus
1218 1340 1300 1369 illaesa
1316 1343 1465 1380 mansisset,
1481 1355 1533 1373 non
1548 1345 1629 1374 modo
1639 1351 1719 1373 ‘1¹¹¹“1‘2
1741 1355 1784 1367 ur·
