1840 2839
743 153 919 176 Et‘ls'i'01..³··..

66 221 166 251 σύνεσιν
181 220 227 257 τὴν
245 219 355 255 πολλὴν,
369 218 416 254 τὴν
431 216 671 257 ἐλευθεροστομίαν,
694 215 740 251 τὴν
761 216 832 254 παῤ-

67 267 159 307 ῥησίαν
171 266 218 302 τὴν
233 267 344 306 ὑψηλὴν,
359 266 392 293 δι’
405 260 435 299 ἧς
451 263 619 302 κατῄσχυνας
635 261 682 300 μὲν
696 261 755 293 τοὺς
770 262 833 289 ιἰπε-

64 313 196 347 ναντίους,
218 312 320 350 καιρίαν
341 310 367 340 δὲ
388 310 502 342 δέδωκας
521 311 558 348 τῷ
581 309 695 347 διαῧολῳ
717 306 832 344 πληγὴν,

64 358 174 397 ἤλειψας
189 357 215 386 δὲ
234 357 292 389 τοὺς
313 355 379 394 ὑπὲρ
401 358 447 390 τῆς
470 354 592 389 ἀληθείας
611 353 833 392 ἀγωνιζομένους,

65 404 184 442 καθάπερ
200 401 318 442 ἀριστεὺς
336 405 451 440 γενναῖος
470 402 495 430 ἐν
510 401 619 439 πολέμῳ
633 399 757 438 τρόπαιον
770 397 833 432 στή-

65 460 134 477 σασα
158 449 290 487 λαμπρὸν,
317 447 362 475 καὶ
389 446 463 481 νίκην
494 445 612 485 ἀραμένη
640 443 761 484 φαιδρὰν,
789 442 834 471 καὶ

64 496 135 532 ἡμᾶς
158 493 184 523 δὲ
210 492 337 528 τοσαύτης
363 492 508 527 ἐνέπλησας
529 492 638 526 ἦδονῆς,
663 492 697 522 ὼς
721 489 833 527 νομίζειν

66 540 132 578 μήτε
158 541 183 568 ἐν
206 538 331 578 ἀλλοτρία
357 533 422 566 εἶναι
433 560 439 572 ,
465 537 532 575 μήτε
559 537 585 564 ἐν
610 535 667 574 ξένῃ
691 537 742 573 γῇ,
767 534 833 572 μήτε

66 587 92 614 ἐν
114 584 211 626 ἐρημίᾳ
223 607 230 621 ,
257 585 314 613 ἀλλ
342 585 425 612 ἐκεῖσε
451 587 587 622 παρεῖναι,
611 581 654 610 καὶ
681 581 737 618 μεθ’
763 582 835 617 ὑμῶν

66 626 146 666 εἶναι,
173 643 218 659 και
246 631 371 669 ἐντρυφᾶν
398 640 443 656 σου
475 629 508 665 τῇ
540 630 586 662 τῆς
622 628 708 665 ψυχῆς
745 626 834 664 ἀρετῆ.

67 677 150 715 Χαῖρε
175 675 259 704 τοίνυν
281 686 325 704 και
352 673 488 713 εὐφραίνου
509 672 631 706 τοιαύτην
653 669 771 709 ἀραμένη
793 668 835 697 νί-

67 733 126 758 κην,
139 721 183 750 καὶ
196 721 325 753 τοιούτους
340 720 416 749 εὖκόλ
418 732 452 752 ως
471 717 665 755 ἐπιστομίσασα
680 718 760 754 θηρας
771 738 778 751 ,
791 726 836 743 και

65 768 112 800 τὰς
140 767 327 806 ἀναισχύντους
352 767 434 794 αὐτῶν
461 763 616 804 εἰιιρράξασα
637 761 774 800 γλώττας,
791 760 836 789 καὶ

63 815 202 842 λυσσῶντα
229 811 407 851 ἀποῤῥάξιασα
435 809 555 847 στόματα
591 808 716 836 Τοιοῦτον
745 806 796 845 γὰρ
818 808 834 841 ἡ

65 859 174 894 ἀλήθεια
190 859 247 896 μεθ’
262 860 293 892 ἧς
306 856 443 895 ἠγωνίσω,
458 855 502 884 καὶ
519 854 584 893 ὑπὲρ
597 857 628 888 ἦς
640 853 757 892 ἐσφάγτς
772 853 836 881 πολ-

64 905 153 937 λάκις·
169 906 194 933 ἐν
213 903 324 960 βραγξέσι
350 902 450 942 ῥήμασι
470 905 560 941 κρατεῖ
576 912 627 928 των
644 898 835 938 συκοφαντούν-

65 962 132 979 τυν·
155 949 244 989 ὥσπερ
261 951 303 978 οὖν
321 960 351 977 το
372 948 464 987 ψευδος
477 959 524 975 καν
539 946 646 1002 μυρίους
658 944 836 984 περιίάὶηται

65 997 149 1036 λόγων
164 995 297 1029 διαύλους,
313 995 413 1033 διαῤῥεῖ
424 993 470 1021 καὶ
483 992 646 1021 καταπίπτει
661 990 755 1030 ραοίως
768 1012 775 1026 ,
792 990 836 1018 καὶ

65 1043 182 1083 ἀράχνης
192 1040 260 1070 ἐστιν
272 1039 467 1079 ἀδρανέστερον.
481 1040 564 1092 xffip‘
578 1037 663 1067 τοίνυν
675 1048 720 1065 και
731 1036 836 1076 εὖφραί

66 1100 110 1118 νου
124 1088 133 1126 ζ
144 1089 172 1116 οὐ
190 1086 240 1126 γὰρ
257 1085 395 1123 παύσομαι
414 1086 529 1123 συνεγῶς
544 1095 628 1112 ταυτα
642 1082 726 1120 λέγων
738 1082 771 1111 τὰ
788 1081 836 1122 ῥή-

69 1133 160 1171 ματαλ,
173 1132 301 1172 ἀνδρίζου,
315 1143 359 1159 και
376 1133 517 1169 κραταιοῦ,
531 1129 576 1158 καὶ
596 1128 732 1167 ’καταγέλα
750 1127 836 1163 πάσης

67 1177 234 1221 ἐπαγομένης
245 1189 286 1206 σοι
308 1177 370 1216 παρ’
385 1177 468 1204 αὐτων
483 1175 635 1208 ἐπιὸουλης.
648 1173 727 1202 ”Ὀσι)
741 1173 791 1212 γὰρ
806 1172 836 1201 ἂν

67 1223 254 1263 χαλεπώτερον
274 1221 445 1261 ἀγριαίνωσι,
471 1220 585 1249 τοσούτω
610 1220 754 1258 βαθυτέρας
778 1219 837 1247 καθ’

68 1271 168 1298 ἑαυτων
191 1268 238 1301 τὰς
252 1267 355 1306 πληγὰς
376 1269 450 1305 ἐπιφε
441 1266 543 1306 .’,ρουσι
559 1265 587 1294 σὲ
603 1265 648 1302 μὲν
670 1264 727 1293 οὐδὲ
744 1264 836 1303 μικρὸν

69 1315 217 1346 ἀδικοῦντες
227 1336 234 1348 ,
250 1313 340 1352 ὥσπερ
355 1312 412 1341 οὐδὲ
426 1311 473 1346 τὴν
488 1311 585 1351 πέτραν
597 1311 630 1339 τὰ
642 1309 764 1348 κύματα,
778 1312 838 1338 ἑαυ-

67 1360 125 1393 τοὺς
137 1359 163 1389 δὲ
177 1359 322 1391 διαλύοντες
333 1379 340 1392 ,
356 1358 401 1386 καὶ
413 1356 610 1395 ἀσθενεστέρους
622 1358 756 1388 ποιοῦντες
765 1377 772 1390 ,
794 1354 839 1383 καὶ

67 1404 282 1444 ὓπερὸαλλούσας
293 1404 350 1432 καθ’
364 1403 462 1431 ἑαυτῶν
472 1401 626 1440 σωρεύοντες
640 1401 687 1433 τὰς
698 1400 837 1438 τιμωρίας.

69 1450 160 1485 Μηδὲν
187 1449 272 1478 τοίνυν
294 1448 375 1477 δέδιθι
398 1450 450 1476 τῶν
474 1446 680 1484 ἀπειλουμένων,
709 1445 757 1474 κᾶν
780 1444 839 1478 τοὺς

69 1495 174 1528 ὀδόντας
188 1495 304 1534 βρύχι-ισι
313 1516 320 1529 ,
332 1493 380 1522 κᾶν
397 1494 469 1532 θυμῷ
483 1494 573 1531 πολλῷ
585 1492 715 1530 μεθύωσι,
731 1491 779 1520 κᾶν
794 1490 839 1530 φό-

68 1553 122 1570 νιον
135 1540 277 1579 βλέπωσιν,
299 1541 334 1571 εἰς
349 1538 494 1578 ἀγριότητα
509 1537 604 1593 θηρίων
621 1537 672 1566 υπὸ
692 1538 739 1571 τῆς
755 1548 840 1571 πονη-

71 1586 127 1625 ρίας
139 1585 299 1617 ἐκπεσόντες.
312 1584 345 1613 Ὁ
358 1583 409 1623 γὰρ
425 1583 504 1639 μέχρι
520 1594 634 1622 σημερον
650 1581 797 1621 ἐξαρπάσας
811 1592 840 1609 σε

69 1635 121 1661 τῶν
142 1631 268 1660 ποικίλων
285 1632 369 1659 αὐτῶν
390 1641 435 1658 και
450 1629 579 1668 διαφόρων
595 1631 638 1658 ἐπι
641 1628 750 1664 δουλῶν,
767 1627 840 1661 οὗτός

71 1689 100 1707 σε
112 1677 157 1706 καὶ
175 1679 210 1709 εἰς
220 1677 250 1705 τὸ
264 1676 358 1715 μέλλον
372 1675 585 1714 ἀνδριζομένην
573 1684 599 1703 εν
612 1673 743 1713 ἀσφαλείᾳ
753 1685 839 1702 κατα-
847 1689 882 1709 644

70 1723 162 1758 στήσει
185 1722 301 1751 πλείονι·
327 1721 372 1750 καὶ
387 1723 453 1760 ἐρεῖς
472 1719 517 1748 καὶ
532 1720 618 1755 αὐτή·
634 1719 714 1752 Βέλος
738 1719 838 1754 νηπίων
856 1717 874 1738 Λ

68 1769 229 1808 ἐγενήθησαν
257 1769 284 1795 αἱ
309 1766 410 1805 πληγαὶ
431 1767 528 1799 αὐτῶν,
544 1765 588 1794 καὶ
605 1765 779 1800 ἐξησθένησαν
798 1767 838 1793 ἐπ’

69 1814 162 1846 αὐτοὺς
186 1815 212 1842 αἱ
236 1815 356 1852 γλῶσσαι
376 1814 469 1841 αὐτῶν.
489 1811 577 1851 αΟπερ
599 1811 644 1840 καὶ
664 1810 769 1850 γέγονε,
795 1811 839 1839 καὶ

68 1860 143 1889 ἔσται
152 1872 157 1877 ·
173 1859 241 1888 ὥστε
255 1859 299 1888 καί
315 1868 343 1887 σε
355 1857 461 1896 μείζονα
475 1856 668 1896 καρπώσασθαι
682 1857 725 1885 τὸν
737 1856 839 1893 μισθὸν,

67 1906 112 1934 καὶ
122 1904 319 1943 λαμπροτέρους
331 1902 472 1941 στεφάνους
481 1902 583 1937 λαθεῖν,
595 1901 708 1933 ἐκείνους
724 1913 753 1930 τε
776 1903 839 1938 ἀμε-

53 1945 182 1985 Δτοινόητα
201 1951 339 1980 νοσοῦντας
360 1947 456 1985 μείζονι
477 1947 658 1986 παραδοθῆναι
676 1945 792 1974 κολάσει.
803 1947 828 1974 Τ
832 1946 839 1972 ί

68 1995 120 2034 γὰρ
134 1995 251 2023 ἐνέλιπον
268 1993 422 2028 ἐπιδουλῆς;
435 1997 508 2021 ποῖον
527 1991 621 2031 τρόπον
638 1990 838 2030 μηχανημάτων

69 2043 116 2070 οὐκ
131 2041 262 2075 ἐκίνησαν,
279 2041 472 2078 ἐπιχειροῦντες
491 2036 667 2066 ἐπιὸουλεύειν
680 2038 727 2074 ΰτῇ
743 2038 840 2076 στεῤῥξί

69 2099 115 2116 σου
129 2086 174 2115 καὶ
187 2084 281 2124 γνησίᾳ
295 2086 373 2123 Θεῷ,
389 2084 487 2122 μᾶλλον
502 2083 529 2111 δὲ
543 2082 588 2111 καὶ
600 2081 710 2122 γενναίᾳ
730 2082 774 2110 καὶ
790 2084 838 2110 ἀν-

70 2131 205 2172 δρειοτάτη
220 2132 308 2170 ψυχῇ;
324 2129 480 2168 Κατήγαγον
495 2130 530 2160 εἷς
553 2127 659 2167 ἀγορὰν,
677 2127 725 2162 τὴν
741 2128 839 2163 ἐκκλη-

70 2178 127 2211 σίας
140 2177 185 2207 καὶ
196 2176 314 2214 θαλάμου
328 2175 406 2204 πλέον
425 2175 521 2203 εἰδυῖαν
536 2173 621 2209 οὐδὲν,
635 2174 680 2201 ἀπ’
694 2175 792 2212 ἀγορᾶς
803 2175 839 2206 εἷς

70 2224 249 2263 δικαστήριον,
262 2221 313 2250 ἀπὸ
325 2220 494 2259 δικαστηρίου
511 2222 547 2253 εἷς
558 2219 746 2258 δεσμωτήριον.
762 2220 840 2248 Ψευ-

69 2269 240 2309 δομαρτύρων
255 2267 387 2302 ἠκόνησαν
401 2265 539 2304 γλώσσας,
562 2264 735 2303 συκοφαντίαν
758 2264 839 2304 ἔῤῥα-

70 2317 121 2355 ψαν
136 2314 318 2353 ἀναίσχυντον,
334 2312 424 2352 φόνους
437 2311 592 2350 εἰργάσαντο
602 2334 609 2347 ,
623 2311 668 2339 καὶ
679 2310 839 2350 χειμάρρους

71 2361 191 2400 αἱμάτων
207 2362 296 2399 ῥεῦσαι
317 2358 453 2393 ἐποίησαν,
474 2357 519 2386 καὶ
533 2357 595 2396 πυρὶ
610 2357 655 2385 καὶ
670 2356 770 2395 σιδήρῳ
785 2357 838 2386 σώ-

73 2418 144 2445 ματα
155 2406 217 2434 νέων
232 2404 380 2440 ἀνάλωσαν,
396 2403 490 2442 ἄνδρας
504 2402 642 2435 τοσούτους
656 2401 700 2430 καὶ
712 2402 841 2435 τοιούτους

72 2453 197 2490 πληγαῖς,
221 2452 367 2488 αἰκισμοῖς,
385 2448 488 2489 μυρίαις
509 2447 649 2486 τιμωρίαις
672 2447 841 2486 περιέὸαλον,

1536 150 1552 182 7
1560 150 1576 181 '7
1585 147 1603 169 '²

886 211 990 240 deserto
1004 211 1063 240 loco
1074 210 1184 249 degens,
1195 207 1401 238 consolationem
1415 207 1481 235 mihi
1493 208 1606 246 positum

886 268 941 286 esse
951 257 1056 285 ducein
1069 267 1107 292 en,
1118 266 1198 294 qnam
1212 255 1238 283 in
1250 254 1375 283 omnibns
1386 254 1464 282 rebus
1479 253 1603 289 adhibes,

886 303 1052 339 fortitudine,
1070 301 1199 331 constanti
1215 300 1353 335 sententia,
1367 299 1466 335 ingenti
1484 299 1606 337 pruden—

862 369 867 376 .
888 349 1038 387 tia‚lingn.·1·
1050 348 1180 383 libertate,
1190 357 1220 375 ac
1229 346 1337 375 sublimi
1351 346 1460 377 fiducia,
1472 356 1608 384 perquam

885 402 910 423 et
919 394 1086 423 adversarios
1098 393 1242 431 ignominia
1254 391 1394 431 perfudisti
1407 398 1431 419 et
1444 391 1609 419 mortiferam

885 440 994 469 diabolo
1008 440 1114 479 plagam
1128 438 1262 472 inflixisti,
1278 444 1302 465 et
1317 448 1360 464 eos
1375 437 1420 474 qui
1437 447 1484 475 pro
1498 436 1611 464 veritate

886 485 1096 515 decert:1l›.¹1nt‹'i‹l
1108 483 1293 512 dimicandum
1307 482 1410 518 acuisti,
1427 493 1456 509 ac
1467 481 1606 510 fortissimi

886 531 981 560 militis
996 530 1078 558 instar
1088 529 1247 568 przeelarum
1260 528 1285 555 in
1295 527 1365 555 bello
1377 534 1506 565 tropa·um
1521 526 1607 555 erexi-

887 576 932 611 sti,
947 575 1166 611 luculentamque
1187 573 1328 600 victoriam
1349 571 1443 610 adepta
1460 582 1496 605 ος,
1516 582 1610 609 ineque

888 621 968 650 etiam
979 627 1050 648 tanta
1062 619 1200 658 voluptate
1209 617 1387 656 complevisti,
1398 623 1425 644 ut
1440 627 1471 644 ne
1484 617 1510 644 in
1524 616 1609 644 aliena

888 665 996 704 quidem
1011 671 1035 693 et
1051 663 1189 704 peregrina
1211 663 1328 701 regione,
1346 672 1393 690 nec
1414 662 1441 690 in
1457 662 1610 698 solitudine,

889 722 984 740 verum
997 710 1057 738 istic
1073 710 1213 738 vobiscum
1231 718 1273 737 me
1287 718 1342 736 esse
1355 708 1517 744 existimem,
1533 718 1608 736 sum-

889 766 1014 794 mamque
1024 754 1149 798 exanimi
1161 754 1200 782 tui
1211 753 1312 782 virtute
1321 753 1485 792 voluptatem
1495 753 1609 792 capiam.

890 802 1072 837 Quamobrem
1081 800 1169 839 gaude
1176 806 1201 828 et
1211 800 1310 833 laetare,
1322 799 1392 837 quod
1404 798 1559 838 hujusmodi
1569 798 1610 827 vi-

890 847 1000 876 ctoriam
1007 853 1148 884 asseqnuta
1157 845 1201 881 sis,
1208 852 1287 883 atque
1294 844 1449 883 hujusmodi
1458 844 1609 872 belluarum

890 904 935 922 ora
958 893 1029 921 sacili
1046 891 1151 930 negotio
1173 890 1371 930 compresseris,
1388 890 1609 929 impudentesque

890 950 981 967 eorum
995 938 1099 976 linguas
1109 944 1134 965 et
1150 936 1243 964 rabida
1260 946 1305 964 ora
1320 935 1492 964 obstruxeris.
1502 935 1609 964 Veritas

889 985 970 1021 enim,
982 995 1041 1012 cum
1055 994 1107 1021 qua
1121 982 1255 1022 pugnasti,
1267 988 1292 1010 et
1307 992 1355 1020 pro
1369 992 1421 1018 qua
1433 981 1557 1019 jugulata
1570 991 1607 1016 es,
1620 979 1677 998 ¹⁸¹⁵*-

890 1031 959 1059 hanc
975 1030 1030 1059 vim
1048 1029 1137 1064 habet,
1153 1034 1182 1056 ut
1194 1026 1286 1066 paucis
1302 1036 1370 1065 saepe
1382 1026 1471 1055 verbis
1484 1026 1517 1054 de
1532 1036 1609 1065 syco-

890 1075 998 1115 phantis
1022 1074 1186 1113 triumphet:
1203 1079 1232 1100 ut
1249 1083 1262 1100 e
1281 1071 1414 1100 contrario
1432 1071 1610 1108 mendacium,

890 1121 995 1150 etiamsi
1013 1120 1126 1148 infinitis
1137 1128 1291 1147 sermonum
1301 1117 1424 1145 artificiis
1439 1117 1610 1152 obvolvatur,

890 1166 968 1194 facile
976 1173 1061 1194 tamen
1071 1164 1173 1193 diffluit
1180 1170 1205 1192 et
1212 1163 1364 1199 collabitur,
1372 1162 1611 1200 araneaequetelam

891 1211 1077 1240 imbecillitate
1087 1216 1205 1249 superat.
1214 1208 1310 1237 Gaude
1319 1208 1402 1247 igitur
1413 1215 1437 1237 et
1452 1208 1541 1236 laetare
1553 1211 1612 1243 (nc-

891 1268 942 1296 quc
956 1257 1027 1286 enim
1043 1257 1099 1285 haec
1114 1255 1195 1284 verba
1209 1254 1325 1283 subinde
1337 1261 1454 1293 repetere
1465 1253 1612 1289 desinam),

863 1318 866 1324 ·
891 1303 1005 1332 viriliter
1018 1312 1066 1341 age
1078 1309 1103 1330 et
1115 1302 1275 1338 confortare,
1286 1311 1430 1338 omnesque
1441 1299 1476 1328 al)
1488 1299 1552 1338 ipsis
1562 1298 1611 1327 tibi

892 1354 1056 1388 comparatas
1069 1347 1180 1375 insidias
1191 1346 1358 1375 i1—1·idc.Nan1
1369 1356 1422 1383 quo
1434 1345 1550 1373 atrocius
1563 1355 1612 1373 saz-

891 1394 980 1428 vium,
997 1404 1028 1421 eo
1047 1392 1235 1431 profundiores
1251 1391 1343 1430 plagas
1360 1390 1478 1429 sibiipsis
1495 1389 1614 1417 inserunt

892 1439 919 1468 in
934 1449 1016 1477 eaque
1027 1448 1105 1466 causa
1118 1444 1189 1475 sunt,
1204 1444 1242 1473 ut,
1253 1446 1315 1464 euin
1330 1443 1354 1464 te
1369 1446 1401 1464 ne
1413 1435 1546 1463 tantulum
1555 1434 1614 1473 qui-

892 1485 954 1514 dem
968 1484 1076 1520 laedant,
1086 1482 1317 1522 quemadmodum
1333 1492 1380 1510 nec
1394 1481 1492 1509 fluctus
1505 1491 1611 1520 rupem,

892 1531 991 1570 seipsos
1006 1530 1163 1568 infringant,
1178 1528 1420 1565 imbecillioresque
1429 1527 1551 1564 reddant,
1570 1534 1613 1555 at·-

891 1587 944 1615 que
955 1576 1095 1604 horribilia
1105 1574 1224 1613 sibiipsis
1232 1573 1362 1613 supplicia
1373 1579 1535 1601 coacervent.
1545 1574 1613 1608 Quae

892 1633 954 1651 cum
963 1623 998 1650 ita
1010 1621 1072 1658 sint,
1084 1631 1148 1649 eave
1159 1619 1307 1658 quidquam
1319 1629 1423 1655 eorum,
1435 1629 1494 1656 quae
1509 1618 1613 1646 minan-

891 1675 948 1706 tur,
967 1667 1148 1706 pertimescas,
1165 1665 1313 1704 quamlibet
1326 1665 1454 1693 dentibus
1474 1664 1612 1699 strideant,

893 1713 1040 1752 quamlibet
1055 1711 1201 1740 iracundiae
1215 1711 1370 1739 temulentia
1382 1716 1501 1746 aestuent,
1516 1720 1611 1748 quam-

892 1760 958 1788 libet
976 1758 1156 1787 truenlentum
1174 1756 1319 1795 quemdam
1334 1756 1441 1784 vultum
1458 1765 1512 1794 prae
1531 1765 1558 1783 se
1572 1755 1610 1782 se-

893 1810 963 1841 rant,
981 1814 1012 1831 ac
1028 1814 1082 1842 prae
1097 1802 1268 1841 improbitate
1283 1802 1310 1829 in
1328 1802 1446 1829 serarum
1460 1800 1612 1828 immanita-

893 1856 945 1877 tem
964 1848 1123 1888 proruerint.
1140 1849 1209 1876 Nam
1225 1847 1271 1884 qui
1291 1853 1316 1874 te
1330 1857 1364 1874 ex
1383 1845 1476 1874 multis
1490 1852 1513 1873 et
1529 1845 1612 1873 variis

893 1904 986 1922 eorum
998 1893 1103 1921 insidiis
1113 1893 1230 1921 adhunc
1240 1902 1324 1930 usque
1336 1891 1407 1919 diem
1418 1891 1526 1930 eripuit,
1540 1890 1611 1919 idem

894 1946 919 1967 te
944 1939 1062 1978 posthae,
1082 1938 1103 1966 si
1130 1938 1225 1966 fortem
1245 1937 1366 1965 animum
1393 1937 1556 1976 praestiteris,
1583 1937 1610 1964 in

893 1984 993 2023 majore
1008 1984 1148 2012 securitate
1162 1982 1303 2011 constituet
1320 1994 1326 2009 :
1344 1982 1452 2021 ipsaque
1465 1982 1544 2011 etiam
1562 1982 1608 2010 di-

893 2037 966 2059 ctura
975 2040 1002 2058 es
1009 2041 1014 2057 :
1022 2029 1432 2068 Sagittaeparvulorumsaetoe
1439 2029 1609 2068 suntplagoe
1620 2037 1686 2058 Psal.
1700 2038 1739 2060 63.

893 2086 1003 2112 eorum,
1020 2082 1047 2104 et
1063 2076 1220 2115 infirmata-²
1235 2081 1302 2103 sunt
1316 2081 1420 2103 contra
1437 2085 1484 2103 eos
1501 2068 1679 2114 li11g11oe8·9·

893 2120 1087 2156 eorum.Quod
1101 2119 1210 2158 quidem
1225 2120 1316 2159 etjam
1329 2120 1451 2158 contigit,
1467 2126 1492 2149 et
1503 2131 1610 2151 rursum

894 2169 1044 2206 continget:
1059 2166 1124 2195 adeo
1142 2173 1172 2194 ut
1187 2172 1212 2194 et
1222 2172 1252 2194 tu
1266 2166 1394 2205 majorem
1407 2166 1556 2195 mercedem
1570 2178 1611 2195 re-

883 2216 971 2251 ,sm-as,
996 2213 1206 2252 illustrior-esque
1230 2223 1339 2241 coronas
1364 2212 1489 2252 accipias,
1516 2220 1541 2242 et
1565 2214 1607 2242 illi

895 2260 987 2289 morbo
995 2259 1153 2299 poenitentiae
1164 2266 1272 2298 experte
1282 2258 1433 2287 laborantes
1443 2259 1537 2298 majori
1547 2270 1610 2298 sup-

895 2306 976 2346 plicio
990 2305 1159 2334 addicantur.
1174 2304 1287 2342 Eequod
1300 2303 1371 2332 enim
1388 2303 1548 2332 insidiarum
1563 2315 1609 2342 ge-

895 2364 945 2382 nus
956 2351 1199 2392 praetermiserunt?
1211 2350 1314 2388 ecquod
1328 2350 1512 2378 machinarum
1527 2361 1608 2389 genus

896 2410 948 2428 non
959 2404 1111 2434 moverunt,
1127 2396 1193 2425 (lum
1210 2395 1302 2425 solidae
1320 2403 1383 2432 tuae,
1399 2407 1429 2424 ae
1449 2397 1506 2424 Deo
1520 2396 1606 2428 fideli„

896 2454 1078 2484 genemsaeque
1089 2450 1115 2472 et
1124 2443 1274 2472 fortissimae
1284 2442 1378 2471 animze
1389 2442 1498 2470 insidias
1510 2448 1609 2470 struere

107 2543 117 2553 a
134 2534 175 2558 Sic
186 2534 245 2559 Mss.
256 2541 350 2558 omnes.
365 2531 434 2556 Editi
447 2540 506 2556 vero
518 2537 547 2564 τῇ
559 2534 643 2564 στερρᾷ
656 2542 693 2557 σου
706 2534 741 2556 καὶ
759 2534 902 2564 γενναιοτάτη
916 2534 974 2562 ψυχῇ
987 2533 1093 2552 tantum.

1652 945 1689 967 Vis
1703 952 1711 963 ’ν
1718 946 1762 965 uri-
