1843 2810
116 2058 178 2078 Anno
192 2056 242 2086 'gosp

115 2090 146 2108 tel
159 2088 212 2116 405.

244 106 312 149 774

245 176 330 209 venit,
351 175 468 213 quitum
484 184 576 204 eorum
598 174 645 212 qui
663 175 720 213 jam
746 184 793 202 nos
818 173 955 209 viderunt,

245 229 304 250 tum
311 231 403 249 eorum
420 221 531 259 ‚quibus
538 220 657 249 nondum
666 219 699 247 de
709 219 775 247 facie
786 219 839 247 noti
854 229 955 254 sumus,

246 267 414 306 praesentiam
427 266 505 295 avide
521 266 690 304 requirimus.
712 265 846 300 Quoniam
869 271 957 292 autem

248 313 277 341 id
298 323 367 341 nunc
383 312 493 340 minime
503 312 564 340 licet
576 314 647 346 (nam
664 317 690 338 et
701 311 752 339 viae
769 309 919 347 longitudo,
933 316 958 337 ct

247 365 363 397 tempus,
379 365 404 385 ct
414 357 570 396 prcedonum
579 363 664 384 metus
681 354 871 393 impedimento
883 361 956 390 sunt,

246 414 278 432 ac
290 410 415 442 praeterea
429 413 460 431 ne
471 402 546 430 nobis
557 401 667 439 quidem
677 400 756 428 domo
771 400 910 434 excedere,
926 410 957 427 ac

248 449 341 487 longas
351 447 575 487 peregrinationes
587 446 654 474 inire
665 446 742 474 facile
756 449 816 481 est),
830 445 903 483 quod
918 456 959 473 se-

248 494 366 523 eundum
377 501 424 526 cst,
439 492 557 520 debitam
571 492 648 520 vobis
659 491 843 520 salutationem
859 491 962 530 persol—

248 539 337 568 vimus
358 550 363 565 :
379 545 458 575 atque
471 544 530 565 ante
544 537 629 575 ipsam
642 536 723 564 etiam
737 547 784 564 vos
799 546 924 574 rogamus
937 542 962 563 et

249 584 427 619 obsecramus,
443 589 523 620 atque
543 593 558 610 a
580 582 654 610 vobis
669 581 827 621 amplissimi
840 580 962 610 beneficii

250 630 307 658 loco
314 629 438 667 petimus,
454 628 520 656 utin
530 627 625 657 vestris
637 627 760 666 precibus
774 633 901 666 perpetuo
914 637 963 654 no*

251 674 299 702 stri
313 684 440 701 memores
455 673 522 710 sitis,
534 673 695 710 obnixeque,
711 679 736 700 et
751 682 813 700 cum
823 672 960 711 lacrymis,

252 719 286 747 ad
300 719 407 757 benigni
423 719 473 747 Dei
488 718 567 758 pedes
578 718 690 747 vilitatis
705 725 801 746 nostroe
812 728 890 746 causa
902 728 963 746 vos-

252 765 323 804 ipsos
344 765 516 804 provolvatis.
533 764 603 793 Nam
621 773 684 792 cnm
697 763 863 801 negotiorum
882 763 963 802 liujus

252 810 314 840 vitae
331 810 456 849 euripum
464 809 620 848 effugerim,
631 809 757 846 fumoque
768 818 798 836 ac
812 815 964 847 tempestate

253 856 386 884 malorum
397 866 497 891 eorum,
512 866 570 893 quae
583 855 609 882 in
631 854 719 882 medio
732 860 879 889 versantur,
898 853 964 881 libe-

252 902 302 930 rati
319 901 386 937 sitis,
401 901 556 938 animasque
569 906 670 929 vestras
686 899 712 927 in
730 899 964 938 praeclarissimum

250 947 361 986 hujusce
382 946 557 986 philosophiae
581 946 656 978 litus,
677 956 728 974 non
748 956 823 974 secus
842 951 922 983 atque
938 945 965 973 in

249 992 425 1030 tranquillum
434 991 575 1030 quemdam
586 991 764 1029 fluctibusque
774 1001 889 1019 vacuum
899 1001 965 1029 por-

250 1045 308 1067 tum
323 1038 491 1077 appuleritis,
509 1044 650 1075 noctesque
673 1047 719 1075 per
734 1047 820 1065 sacras
835 1037 964 1065 excubias

251 1084 277 1111 in
291 1083 566 1118 diesmutaveritis‚in
586 1083 671 1120 iisque
689 1081 866 1121 splendidius,
883 1093 964 1120 quam

251 1129 298 1157 alii
316 1129 444 1164 interdiu,
463 1128 595 1156 cernatis:
617 1139 725 1166 aequum
742 1139 804 1156 sane
826 1128 907 1156 suerit
920 1138 965 1156 vos

251 1185 362 1213 precum
383 1181 534 1203 vestrarum
556 1173 691 1202 auxilium
711 1174 787 1202 nobis
813 1173 962 1212 impertire.

251 1220 336 1248 Nobis
360 1219 432 1247 enim
457 1219 536 1247 eliam
550 1229 564 1247 e
580 1226 652 1248 tanto
679 1219 818 1249 intervallo
840 1219 882 1247 his
912 1218 965 1247 frui

251 1265 329 1293 licet:
353 1275 401 1293 nec
422 1265 496 1293 locus
511 1265 582 1293 ullus
600 1272 650 1299 cst,
667 1273 713 1294 aut
736 1273 840 1304 tempus
865 1265 963 1302 ullum,

251 1310 324 1349 quod
351 1310 506 1349 hujusmodi
543 1321 622 1349 opem
652 1311 845 1349 interrumpere
877 1316 965 1348 queat.

251 1356 433 1390 Quamobrem
448 1355 584 1394 suppetias
596 1355 672 1384 nobis
684 1356 758 1390 ferte,
768 1366 799 1383 ac
810 1365 856 1394 per
866 1362 967 1383 vestras

252 1411 342 1440 preces
363 1411 471 1428 manum
494 1401 632 1439 porrigite.
656 1401 724 1428 Nam
745 1400 795 1428 hoc
817 1399 966 1428 maximum

555 114 583 136 S.
613 113 751 137 JOANNIS
778 113 957 136 CHRYSOST.
987 113 1142 137 ARCHIEI’.
1172 114 1440 137 CONSTANTINOI‘.

1008 175 1092 211 ἡμᾶς,
1105 176 1155 202 τῶν
1169 186 1198 202 τε
1212 176 1260 214 οὐχ
1273 175 1427 213 ἑωρακότων
1442 173 1508 212 μετὰ
1519 175 1619 209 πολλῆς
1634 175 1682 209 τῆς
1695 186 1778 204 σπου-

1011 219 1056 253 δῆς
1079 220 1258 254 ἐπιζητοῦντες
1277 220 1325 254 τὴν
1339 220 1494 260 παρουσίαν.
1508 220 1577 248 Ἀλλ’
1600 220 1690 255 ἐπειδὴ
1705 224 1780 250 τοῦτο

1010 264 1075 297 τέως
1085 267 1131 293 οὐκ
1143 265 1180 293 ἔνι
1192 265 1304 300 (κωλύει
1319 265 1369 305 γὰρ
1383 265 1428 293 καὶ
1442 268 1488 300 τῆς
1503 266 1562 293 ὀδοῦ
1576 265 1606 294 τὸ
1624 267 1724 302 μῆκος,
1737 266 1781 294 καὶ

1011 313 1026 344 ἡ
1042 314 1087 339 τοῦ
1100 310 1170 343 ἔτυος
1181 310 1238 350 ὥρα
1251 333 1257 345 ,
1272 311 1316 338 καί
1329 313 1342 339 ὁ
1353 314 1404 340 τῶν
1420 312 1523 350 λῃστῶν
1540 311 1630 350 φόδος,
1644 311 1688 339 καὶ
1700 310 1729 339 τὸ
1744 311 1780 348 μὴ

1013 355 1098 394 ῥᾴδιον
1111 357 1173 393 ἡμῖν
1187 351 1252 384 εἶναι
1267 356 1311 384 καὶ
1323 356 1420 385 τούτων
1432 357 1512 395 χωρὶς
1527 359 1655 385 κινεῖσθαι
1673 356 1781 391 οἴκοθεν,

1012 400 1056 428 καὶ
1075 400 1177 439 μακρὰς
1192 400 1342 438 ἀποδημίας
1357 402 1532 439 ἀποδημεῖν),
1548 402 1592 430 ἐπὶ
1605 402 1649 430 τὸν
1666 401 1781 439 δεύτερον

977 455 995 477 D
1011 446 1123 484 ἤλθομεν
1139 447 1231 480 πλοῦν,
1248 446 1296 480 τήν
1311 458 1338 474 τε
1354 446 1525 485 ὀφειλομένην
1541 446 1710 479 ἀποδιδόντες
1722 449 1781 484 ὗμῖν

1013 492 1169 531 πρόσρησιν,
1194 492 1238 520 καὶ
1257 491 1308 531 πρὸ
1330 491 1427 526 ταύτης
1447 494 1675 531 παρακαλοῦντες,
1697 493 1742 520 καὶ
1755 494 1782 521 ἐν

1016 538 1088 577 μέρει
1101 538 1224 576 μεγίστης
1245 539 1376 570 αἰτοῦντες
1387 537 1508 576 χάριτος,
1523 539 1552 566 τὸ
1567 539 1692 573 διηνεκῶς
1705 539 1781 575 ἡμῶν

1017 583 1170 623 εὐχομένους
1193 585 1358 621 μεμνῆσθαι,
1384 583 1428 611 καὶ
1456 586 1493 621 τῷ
1520 584 1696 622 φιλανθρώπῳ
1719 585 1782 622 Θεῷ

1016 629 1190 669 προσπίπτειν
1207 629 1273 667 μετὰ
1284 630 1383 663 πολλῆς
1393 630 1439 663 τ’ῆς
1451 629 1594 667 εὐγενείας,
1609 629 1654 657 καὶ
1668 631 1719 657 τῶν
1734 630 1782 657 δα-

1017 674 1112 714 κρύων,
1130 675 1194 713 ὑπὲρ
1206 676 1252 709 τῆς
1267 674 1448 706 ταπεινώσεως
1462 676 1508 709 τῆς
1522 674 1660 712 ἡμετέρας.
1682 676 1717 703 Οἱ
1731 674 1782 714 γὰρ

1017 722 1060 749 τὸν
1078 720 1182 760 εὔριπον
1207 723 1258 748 τῶν
1283 722 1412 758 βιωτικῶν
1429 719 1594 759 διαφυγόντες
1609 720 1781 759 πραγμάτων,

1017 766 1061 794 καὶ
1078 770 1122 795 τοῦ
1137 768 1236 795 καπνοῦ
1246 766 1290 794 καὶ
1305 768 1351 800 τ’ῆς
1362 765 1441 800 ζάλης
1453 768 1504 793 τῶν
1517 767 1543 793 ἐν
1557 767 1594 805 τῷ
1610 765 1682 804 μέσῳ
1693 767 1781 794 κακῶν

1019 812 1228 850 ἀπαλλαγέντες,
1253 811 1311 846 καὶ,
1328 811 1447 850 καθάπερ
1461 812 1496 843 εἰς
1509 810 1605 849 λιμένα
1622 810 1680 839 τινὰ
1699 810 1782 840 εὕδιον

1019 857 1063 885 καὶ
1076 856 1233 895 ἀκύμαντον,
1251 859 1298 891 τῆς
1322 858 1404 891 καλῆς
1427 856 1524 891 ταύτης
1538 855 1689 895 φιλοσοφίας
1703 856 1782 896 ὅρμον

1018 902 1064 934 τὰς
1078 904 1176 930 ἑαυτῶν
1191 902 1364 940 ὁδηγήσαντες
1380 901 1466 940 ψυχὰς
1476 923 1483 937 ‚
1499 902 1543 929 καὶ
1558 901 1604 934 τὰς
1617 901 1710 934 νύκτας
1726 906 1784 934 ταῖς

1018 948 1099 986 ἱεραῖς
1113 947 1267 986 παννυχίσιν
1282 947 1382 985 ἡμέρας
1400 946 1584 985 ἐργαζόμενοι,
1605 946 1649 974 καὶ
1667 947 1784 986 φανερώ-

1019 1004 1092 1032 τερον
1107 994 1132 1021 ἐν
1144 992 1251 1025 ταύταις
1266 994 1391 1031 ὁρῶντες,
1406 991 1422 1026 ἢ
1439 993 1464 1020 ἐν
1479 997 1536 1024 ταῖς
1557 992 1668 1032 ἡμέραις
1683 993 1784 1031 ἕτεροι,

1020 1037 1115 1066 δίκαιοι
1130 1037 1160 1065 ἂν
1177 1038 1246 1073 εἴητε
1261 1039 1325 1075 ’ἡμῖν
1340 1037 1391 1065 ἀπὸ
1405 1039 1457 1065 τῶν
1473 1038 1555 1076 εὐχῶν
1570 1039 1642 1074 ὑμῶν
1660 1038 1786 1074 μεταδοῦ-

1019 1095 1061 1112 ναι
1076 1083 1239 1122 συμμαχίας.
1254 1083 1369 1111 Δυνατὸν
1391 1082 1442 1121 γὰρ
1463 1082 1507 1110 καὶ
1526 1084 1555 1110 ἐκ.
1568 1081 1690 1111 τοσούτου
1705 1085 1785 1118 καθη-

1020 1130 1110 1167 μένους
1136 1129 1313 1166 διαστήματος
1325 1150 1332 1163 ,
1350 1128 1492 1156 ἀπολαύειν
1516 1130 1587 1165 ἡμᾶς
1611 1127 1718 1164 τούτων,
1741 1128 1786 1157 καὶ

1019 1175 1096 1207 τόπος
1124 1174 1204 1207 οὐδείς
1229 1177 1308 1209 ἐστιν,
1337 1173 1395 1202 οὐδὲ
1420 1174 1524 1212 χρόνος,
1551 1175 1565 1201 ὁ
1592 1173 1639 1208 τὴν
1665 1173 1785 1208 τοιαύτην

1020 1221 1160 1258 δυνάμενος
1177 1220 1300 1259 διακόψαι
1322 1219 1451 1258 βοήθειαν.
1475 1218 1676 1257 Συμμαχήσατε
1702 1218 1786 1247 τοίνυν

1019 1269 1093 1303 ἡμῖν,
1105 1266 1149 1294 καὶ
1164 1270 1240 1305 χεῖρα
1252 1265 1356 1304 ὀρέξατε
1369 1265 1411 1293 διὰ
1420 1267 1470 1292 τῶν
1484 1265 1566 1303 εὐχῶν
1581 1266 1632 1292 τῶν
1644 1263 1786 1302 ὑμετέρων.

1020 1313 1106 1340 Τοῦτο
1117 1311 1168 1350 γὰρ
1186 1311 1301 1349 μάλιστα
1318 1310 1438 1348 μέγιστον
1457 1310 1560 1347 ἀγάπης
1575 1304 1639 1340 εἶδός
1653 1310 1718 1337 ἐστι.
1733 1309 1786 1337 Καὶ

1021 1357 1088 1394 μετὰ
1102 1359 1152 1384 τῶν
1165 1358 1249 1394 εὐχῶν
1268 1357 1319 1383 τῶν
1332 1355 1475 1394 ὑμετέρων,
1489 1354 1534 1382 καὶ
1554 1354 1614 1392 περὶ
1631 1356 1678 1388 τῆς
1699 1354 1788 1392 ὑγείας

1020 1404 1066 1436 τῆς
1089 1402 1214 1441 ὑμετέρας
1244 1402 1337 1437 δηλοῦν
1362 1404 1423 1438 ἡμῖν
1440 1400 1477 1438 μὴ
1500 1404 1663 1435 κατοκνεῖ-τε,
1687 1399 1730 1427 ἵνα
1744 1400 1788 1428 καὶ

253 1446 371 1474 caritatis
390 1456 472 1483 genus
488 1452 534 1473 est.
557 1447 594 1473 Ac
608 1452 703 1484 praeter
718 1445 859 1481 orationes,
878 1445 912 1473 de
923 1455 966 1473 ve·
985 1459 1003 1480 Α
1021 1449 1135 1476 ἐντςῡοεν
1148 1447 1274 1485 μεγίστην
1290 1447 1427 1487 δεχώμεθα
1441 1446 1487 1480 τὴν
1502 1445 1681 1483 παραμυθίαν,
1696 1447 1789 1485 ἐντρυ-

253 1499 307 1520 stra
326 1501 430 1529 quoque
447 1490 600 1519 valetudine
621 1491 745 1519 certiores
768 1501 815 1519 nos
836 1491 921 1519 facere
937 1501 968 1518 ne

254 1537 413 1575 gravemini,
431 1547 483 1574 quo
498 1536 560 1564 hinc
574 1547 679 1574 quoqne
687 1536 804 1564 maxima
815 1536 968 1564 consolatio-

255 1593 286 1611 ne
296 1582 456 1617 afficiamur,
478 1582 623 1620 qnamdam
632 1593 665 1610 ex
675 1589 762 1611 vestra
774 1582 882 1611 caritate
891 1583 970 1611 volu—

254 1635 355 1667 ptatem
369 1628 509 1667 capientes,
523 1628 695 1666 absentesque
706 1638 764 1661 vos,
782 1638 833 1656 non
851 1639 925 1656 secus
939 1638 970 1656 ac

256 1680 405 1712 prmsentes,
417 1673 451 1701 ob
464 1673 554 1701 oculos
570 1680 672 1701 nostros
680 1680 855 1712 proponentes
868 1685 874 1700 ε
888 1673 972 1711 siqui-

256 1719 316 1747 dem
325 1730 353 1746 ca
360 1718 558 1747 sinceriamoris
568 1718 611 1746 vis
618 1725 665 1753 est,
673 1725 702 1746 ut
723 1718 802 1746 ctiam
815 1718 972 1757 hujusmodi

258 1764 401 1792 simulacra
415 1764 516 1803 pingat.
537 1764 577 1791 Im
592 1763 648 1797 fiet,
663 1770 692 1791 ut
707 1763 810 1791 etiamsi
831 1763 857 1791 in
873 1764 970 1792 solitu-

257 1809 320 1837 dine
331 1809 408 1847 longe
419 1809 468 1836 liae
479 1808 615 1836 acerbiore
625 1808 702 1837 nohis
715 1809 815 1838 versari
827 1809 972 1847 contingat,

260 1865 384 1893 magnam
402 1862 487 1883 tamen
503 1854 710 1883 consolationem
724 1855 872 1894 capiamus.

382 1954 487 1983 XCIV.
503 1953 655 1982 Pentadiae
675 1953 855 1982 diaconissoe.

305 2047 476 2084 Quamquam
488 2046 554 2074 mihi
563 2053 606 2074 tua
615 2056 676 2084 erga
699 2056 742 2074 me
756 2045 851 2074 caritas
865 2045 975 2074 antehac

263 2092 319 2130 jam
332 2093 468 2131 explorata
484 2099 550 2126 erat,
568 2091 667 2131 quippe
681 2091 726 2129 qui
741 2101 768 2119 re
783 2091 839 2130 ipsa
855 2092 911 2130 ejus
924 2092 973 2120 do-

265 2145 419 2166 cumentum
428 2138 567 2177 cepissem:
579 2145 666 2166 tamen
681 2148 739 2166 eam
749 2137 866 2177 apertius
878 2149 910 2167 ex
923 2139 977 2167 tuis

265 2183 300 2212 ad
315 2194 356 2211 me
369 2183 453 2212 literis
464 2183 587 2221 cognovi.
607 2186 645 2211 Ae
659 2190 797 2222 propterea
810 2194 978 2223 summopere

266 2237 290 2258 te
298 2229 379 2258 laudo
392 2236 471 2267 atque
479 2229 606 2265 admiror,
617 2240 706 2258 noneo
716 2229 857 2258 dumtaxat
863 2231 977 2267 nominc,

265 2275 338 2313 quod
353 2274 388 2303 ad
402 2285 443 2302 me
454 2274 600 2313 scripseris,
615 2274 660 2302 sed
671 2275 749 2302 etiam
764 2274 835 2312 quod
847 2285 876 2303 ea
888 2276 976 2304 onmia

267 2332 325 2359 quae
344 2320 511 2358 contigerunt
528 2320 692 2358 exposueris.
714 2320 770 2348 Hoc
784 2321 854 2349 enim
873 2321 977 2349 seminae

267 2373 305 2395 cst
316 2373 340 2394 ct
351 2365 385 2394 de
396 2376 452 2394 meo
465 2375 526 2403 erga
541 2374 568 2393 se
584 2364 673 2392 animo
689 2364 799 2393 minime
819 2365 978 2402 dubitantis,

266 2419 291 2440 et.
315 2412 348 2441 de
362 2422 450 2440 rerum
467 2421 586 2439 mearum
604 2416 672 2438 statu
694 2410 848 2439 laborantis.
865 2412 978 2440 Proinde

268 2457 369 2495 gaudeo
387 2463 411 2485 et
425 2456 540 2493 cxsulm,
557 2455 768 2493 maximamque,
784 2456 863 2484 etiam
880 2457 906 2485 in
925 2463 977 2485 tam

304 2554 313 2565 a
332 2546 392 2575 ch.
404 2548 427 2566 et
440 2542 497 2566 Vnt.
512 2545 551 2570 τὴν
568 2545 589 2566 ἐν
602 2548 654 2567 πᾶσι
664 2558 669 2561 -

1022 1496 1119 1532 φῶντες
1131 1496 1202 1530 ὑμῶν
1217 1496 1249 1531 τῇ
1264 1493 1353 1531 ἀγάπῃ
1364 1515 1371 1527 ,
1387 1492 1432 1520 καὶ
1447 1494 1481 1523 ὡς
1495 1491 1625 1529 παρόντας
1634 1491 1691 1523 τοὺς
1706 1491 1785 1519 ἀπόν-

1022 1551 1067 1571 τας
1082 1538 1269 1577 φανταζόμενοι
1282 1550 1287 1555 ·
1304 1538 1410 1567 δύναται
1428 1537 1479 1576 γὰρ
1494 1537 1538 1565 καὶ
1553 1536 1652 1568 εἰκόνας
1670 1536 1790 1570 τοιαύτας

1023 1584 1174 1623 ὑπογράψαι
1198 1585 1227 1612 το
1254 1583 1366 1622 γνησίως
1380 1585 1473 1622 φιλεῖν,
1493 1582 1547 1611 Κᾶν
1566 1583 1591 1610 ἐν
1616 1581 1791 1621 χαλεπωτέρᾳ

1024 1630 1120 1665 ταύτης
1131 1630 1249 1668 τύχωμεν
1262 1630 1333 1661 ὄντες
1343 1628 1439 1668 ἐρημία
1449 1651 1456 1663 ,
1470 1627 1570 1663 πολλὴν
1592 1629 1706 1656 ἐντεῦθεν
1722 1638 1789 1666 καρ-

1025 1676 1168 1714 πωσόμεΟα
1182 1675 1228 1710 τὴν
1246 1675 1420 1713 παράκλησιν.

1245 1952 1294 1991 ιβ(
1312 1953 1445 1994 Πενταὸία
1460 1953 1579 1992 διακόνῳ.

1072 2045 1143 2085 Ἐγώ
1158 2057 1202 2074 σου
1217 2045 1263 2081 τὴν
1281 2045 1395 2083 ἀγάπην,
1409 2045 1440 2079 ἣν
1461 2044 1521 2083 περὶ
1535 2046 1605 2081 ἡμᾶς
1622 2043 1705 2083 ἔχεις,
1723 2043 1793 2082 ᾔδειν

1034 2092 1080 2130 μὲν
1092 2092 1136 2121 καὶ
1147 2091 1302 2130 ἔμπροσθεν,
1314 2092 1345 2119 δι’
1358 2092 1441 2119 αὐτῶν
1454 2089 1543 2128 μαθὼν
1556 2091 1607 2118 τῶν
1617 2089 1779 2129 πραγμάτων
1790 2100 1796 2106 ·

1034 2139 1128 2176 ἔμαθον
1140 2137 1166 2165 δὲ
1180 2137 1335 2176 σαφέστερον
1346 2139 1389 2165 νῦν
1401 2135 1426 2168 ἐξ
1440 2131 1475 2164 ὧν
1487 2135 1649 2166 ἐπέσταλκας
1658 2137 1731 2172 ἡμῖν.
1743 2134 1795 2163 Καὶ

1032 2184 1073 2212 διὰ
1086 2186 1161 2212 τοῦτο
1177 2182 1292 2221 μάλιστά
1309 2193 1338 2210 σε
1360 2181 1535 2219 θαυμάζομεν,
1553 2181 1581 2209 οὗ
1597 2180 1639 2208 διὰ
1653 2179 1683 2208 τὸ
1697 2179 1797 2218 γράψαι

1033 2229 1121 2266 μόνον,
1137 2228 1203 2257 ἀλλὰ
1218 2228 1262 2256 καὶ
1284 2226 1325 2255 διὰ
1352 2227 1382 2256 τὸ
1405 2227 1562 2263 ἀπαγγεῖλαι
1576 2228 1639 2263 ἡμῖν
1655 2225 1741 2254 πάντα
1763 2222 1796 2252 τὰ

1031 2274 1201 2314 γεγενημένα.
1216 2274 1301 2301 Τοῦτο
1320 2272 1370 2311 γὰρ
1385 2271 1428 2299 καὶ
1449 2270 1594 2310 Οαῤῥούσης
1610 2273 1673 2308 ἡμῖν
1689 2269 1734 2298 καὶ
1750 2281 1798 2306 με-

1034 2321 1165 2360 ριμνιῖ)σης
1180 2320 1212 2348 τὰ
1225 2320 1350 2358 ἡμέτερα.
1371 2317 1423 2346 Διὰ
1436 2320 1519 2345 ταῦτα
1534 2318 1691 2355 σκιρτῶμεν,
1705 2315 1797 2354 χαίρο-

1034 2379 1091 2405 μεν,
1120 2365 1323 2405 εὐφραινόμεθα,
1349 2363 1474 2402 μεγίστην
1502 2362 1680 2401 παράκλησιν,
1709 2361 1753 2388 καὶ
1771 2361 1796 2388 ἐν

1033 2412 1128 2452 ἐρημία
1144 2410 1256 2449 τοσαύτῃ
1270 2410 1425 2447 καθήμενοι,
1442 2408 1489 2442 τὴν
1503 2407 1621 2446 ἀνδρείαν
1642 2407 1736 2445 ἔχομεν
1750 2405 1796 2440 τὴν

1034 2458 1090 2494 σὴν,
1104 2457 1167 2492 ·Ίτὴν
1188 2457 1317 2491 ἔνστασιν,
1341 2454 1387 2489 τὴν
1404 2453 1591 2492 ἀπερίτρεπτον
1616 2452 1732 2491 γνώμην,
1749 2450 1796 2485 τὴν
