1843 2810
39 360 58 374 1.
71 353 126 376 cor.
141 353 168 376 16

73 909 115 930 nie
134 909 174 930 do-

32 941 112 960 minim
122 948 163 968 prae
170 952 174 956 -

31 972 107 991 nertin»
116 971 174 991 elec-

31 1009 120 1029 mosynu
127 1009 173 1023 ero-

31 1033 109 1059 ganda.

190 148 257 180 502
495 157 525 179 s.

187 218 233 248 sed
245 218 330 257 gentis
343 218 452 256 integrae
463 217 477 246 Ρ
493 219 530 246 Ut
542 219 628 258 majus
646 216 766 246 studium
780 216 900 254 suscipe-

187 270 256 301 rent,
270 263 437 301 aliorumque
455 263 550 292 laudes
565 263 674 302 majoris
686 262 737 291 sibi
750 261 901 290 aemulatio-

187 310 229 338 nis
239 309 341 338 occasio
353 316 446 337 essent.
459 309 562 338 Deinde
572 308 693 345 modum,
705 318 758 346 quo
767 306 902 346 praecepit,

187 354 306 384 declarat
316 366 322 382 z
333 355 392 383 Per
402 365 491 382 unam
503 356 630 391 sabbati,
640 354 737 391 inquit,
748 353 901 390 unusquis·
918 355 935 378 C

188 411 244 440 que
254 407 385 429 vestrum
393 401 472 438 apud
479 410 509 428 se
520 406 649 438 seponat,
660 399 817 427 recondens
826 398 904 437 quod

188 446 405 484 sibiplacuerit,
419 451 448 473 ut
463 455 520 472 non
531 455 596 473 cum
606 454 724 479 venero,
739 450 806 472 tunc
816 443 902 472 colle-

188 497 242 519 ctae
264 491 351 529 siant.
366 492 455 519 Unam
479 490 651 519 sabbatorum
669 489 839 518 Dominicam
854 499 899 518 vo-

188 536 269 565 cavit.
285 536 321 564 Et
334 547 381 564 cur
396 536 474 564 talem
488 535 558 564 diem
569 535 697 564 oblationi
712 535 822 574 deputat
833 535 846 562 ἶ)
856 545 903 563 cur

188 590 239 609 non
251 580 331 615 dixit,
343 581 464 610 Secunda
477 581 648 609 sabbatorum
660 587 707 609 aut
721 580 796 608 tertia
807 580 903 608 sabba-

188 632 285 663 torum,
295 633 341 654 aut
352 626 380 654 in
394 626 460 665 ipsis
475 626 614 654 sabbatis?
630 627 689 654 Non
703 633 800 655 temere
816 626 902 665 prose-

186 677 239 708 cto,
260 682 307 700 nec
321 671 377 700 sine
392 682 485 708 causa3
500 671 546 700 scd
564 671 636 710 quod
658 671 736 701 vellet
746 682 761 700 a
776 672 902 711 temporis

186 717 383 755 opportunitate
391 717 495 756 juvari,
512 724 540 745 ut
554 717 640 756 majus
659 717 832 746 offerentibus
847 724 902 745 stu-

185 761 262 789 dium
278 763 422 791 accederet.
438 763 529 799 Neque
553 762 623 790 enim
649 772 733 801 parva
754 773 797 791 res
813 762 902 791 omni-

186 807 259 835 hus'
252 818 278 836 1n
299 808 413 846 negotiis
429 807 556 847 temporis
570 808 764 847 opportunitas.
776 809 810 837 Et
823 808 900 846 quid,

187 851 271 889 dices,
295 853 502 892 opportunitatis
534 852 615 881 hahet
641 859 761 892 tempus,
784 860 813 881 ut
841 854 901 891 quis
918 861 936 884 ι)

186 898 378 936 persuadeatur
409 899 605 937 eleemosynam
637 898 723 927 dare?
746 899 825 934 Quod
852 899 901 927 hac

185 943 230 972 die
250 944 285 972 ab
299 944 372 972 omni
386 954 465 983 opere
477 950 601 978 cessetur,
617 944 691 982 quod
709 943 822 972 hilarior
841 945 900 973 ani-

185 999 245 1017 mus
261 999 295 1018 ex
310 989 361 1017 hac
377 989 465 1027 quiete
478 988 616 1026 reddatur,
639 989 765 1027 quodque
779 990 900 1018 omnium

184 1034 335 1062 maximum
349 1041 396 1070 est,
411 1034 484 1072 quod
498 1034 546 1062 illo
559 1034 603 1062 die
618 1034 764 1063 innumeris
779 1035 900 1063 fruamur

183 1079 270 1108 bonis.
282 1079 338 1107 Hac
352 1079 452 1118 quippe
463 1079 507 1107 die
521 1079 606 1107 soluta
621 1090 692 1107 mors
706 1086 755 1117 est,
769 1081 901 1108 exstincta

182 1124 348 1162 maledictio,
360 1125 477 1153 deletum
490 1131 637 1163 peccatum,
651 1131 733 1163 portae
747 1125 824 1153 inseri
837 1136 900 1154 con-

181 1170 281 1205 fractae,
296 1170 402 1199 vinctus
417 1170 552 1206 diabolus,
567 1169 727 1198 diuturnum
736 1171 838 1200 bellum
852 1172 898 1200 di-

181 1221 308 1249 remtum,
330 1215 493 1244 reconciliati
509 1217 565 1244 Deo
579 1215 712 1252 homines,
727 1223 900 1256 nostrumque

181 1272 265 1299 genus
275 1261 308 1289 ad
318 1261 468 1300 pristinam,
481 1261 533 1289 imo
544 1261 632 1300 potius
641 1261 675 1289 ad
685 1261 762 1300 longe
772 1263 899 1302 majorem

181 1306 347 1335 nobilitatem
360 1306 440 1334 rediit
451 1306 588 1344 :viditque
603 1306 641 1334 501
662 1306 850 1336 admirandum
867 1308 900 1337 il-

181 1352 229 1380 lud
250 1352 444 1391 spectaculum,
471 1351 607 1380 hominem
640 1352 740 1380 sactum
762 1353 899 1382 immorta-
916 1364 933 1385 Β

182 1398 243 1426 lem.
253 1398 315 1425 Haec
327 1397 417 1425 omnia
430 1403 455 1425 et
470 1397 533 1424 talia
549 1397 640 1425 volens
652 1397 707 1436 ipse
720 1397 796 1426 nobis
808 1399 834 1426 in
846 1409 899 1428 me-

184 1442 298 1470 moriam
321 1452 458 1478 revocare,
484 1441 555 1469 diem
584 1442 662 1470 illum
676 1442 703 1470 in
719 1442 837 1471 medium
861 1451 899 1472 at-

184 1488 260 1523 tulit,
283 1498 330 1515 ceu
351 1488 377 1515 in
408 1486 567 1515 advocatum
595 1487 672 1515 illum
704 1498 848 1524 assumens,
872 1496 901 1518 ut

185 1532 299 1571 singulis
327 1532 399 1561 dicat
415 1544 420 1559 ε
437 1532 542 1570 Cogita,
561 1532 658 1568 homo,
673 1539 738 1570 quot
764 1534 901 1571 qualibus-

186 1590 237 1617 que
260 1579 338 1607 bonis
361 1578 474 1606 donatus
490 1577 526 1605 sis
543 1577 633 1615 hodie,
656 1585 720 1616 quot
744 1580 902 1618 quantisque

186 1625 264 1653 malis
289 1624 511 1664 e1·eptus:qualis
538 1634 598 1652 cum
617 1624 692 1663 prius
712 1635 791 1662 esses,
813 1626 901 1664 qualis

186 1677 276 1709 postca
291 1670 376 1698 factus
391 1670 436 1698 sis.
449 1669 530 1704 Quod
549 1669 571 1697 si
594 1669 651 1698 dies
675 1670 775 1699 natales
798 1678 900 1700 nostros

184 1716 337 1752 recolimus,
356 1715 433 1743 multi
455 1721 543 1742 autem
557 1715 627 1744 servi
641 1715 720 1743 etiam
735 1726 786 1752 eos,
803 1717 901 1755 quibus

184 1761 306 1790 libertate
320 1760 410 1789 donati
430 1766 503 1797 sunt,
527 1770 623 1798 magno
638 1771 699 1788 cum
721 1761 821 1790 honore
834 1762 901 1790 cclc-

183 1806 272 1839 brant
286 1806 322 1834 ita
343 1812 372 1833 ut
393 1805 440 1833 alii
464 1805 587 1834 convivia
613 1805 719 1843 saciant,
739 1806 785 1834 alii
811 1814 899 1835 autom

184 1852 321 1880 11110110105
352 1851 421 1879 dona
452 1851 615 1889 lmgiantur:
629 1851 714 1879 multo
740 1862 801 1879 11130

553 156 692 180 „lOANMS
718 154 898 178 CHRYSOST.
930 153 1086 176 Ancnffip,
1115 153 1380 176 CONSTANTINOP-

955 214 1066 252 μνήσκει
1079 215 1189 251 πόλεων,
1204 215 1272 244 ἀλλὰ
1286 215 1371 247 ἔθνους
1381 212 1602 252 ὁλοκλήρουςἽνα
1612 211 1718 241 πλείονα

955 260 1079 292 δέξωνται
1096 260 1259 299 προθυμίαν,
1278 261 1322 289 καὶ
1336 261 1369 289 τὰ
1386 259 1479 298 ἑτέρων
1500 258 1619 296 ἐγκώμια
1634 259 1720 289 αὐτοῖς

954 306 1075 338 ὑπόθεσις
1085 306 1193 344 γένηται
1207 306 1294 341 ζήλου,
1312 301 1379 335 Εἶτα
1393 305 1464 342 λέγει
1483 304 1527 332 καὶ
1549 303 1591 331 τὸν
1614 302 1720 342 τρόπον,

953 351 1010 379 καθ’
1030 351 1057 379 ὃν
1079 351 1191 384 διέταξε’
1206 351 1282 380 Κατὰ
1307 351 1369 389 μίαν
1391 350 1541 385 σαὸὅάτων,
1556 349 1644 387 φησὶν,
1658 348 1720 377 ἕκα-

953 409 1011 429 στος
1033 399 1105 436 ὑμῶν
1127 397 1191 436 παρ’
1205 399 1290 437 ἑαυτῷ
1307 397 1400 426 τιθέτω
1422 395 1583 434 θησαυρίζων
1604 394 1620 423 δ’
1642 406 1668 423 τι
1689 394 1718 423 ἂν

953 444 1094 479 εὐοδῶται,
1110 442 1152 471 ἵνα
1165 443 1220 480 μὴ,
1233 443 1293 471 ὅταν
1317 443 1399 478 ἔλθω,
1412 441 1471 471 τότε
1489 441 1576 478 λογίαι
1588 440 1719 478 γίνωνται.

955 489 1026 517 Μίαν
1057 489 1197 517 caecata-‚v
1220 488 1268 523 τὴν
1290 487 1416 526 κυριακὴν
1440 486 1556 515 ἐκάλεσε.
1578 486 1631 514 Καὶ
1652 485 1720 518 τίνος

954 535 1039 563 ἕνεκεν
1060 535 1157 570 ταύτην
1177 533 1286 567 ἐπέταξε
1305 536 1336 572 τῇ
1352 535 1458 572 εἰσφορᾶι
1475 533 1523 567 τὴν
1544 532 1664 572 ἡμέραν,
1677 532 1720 561 διὰ

954 580 980 608 τί
1001 580 1037 618 μὴ
1061 577 1134 616 εἷπε,
1158 583 1190 619 τῇ
1216 579 1323 619 δευτέρα
1346 581 1398 607 τῶν
1413 578 1564 613 sufflatum,
1581 580 1614 616 τῇ
1643 578 1719 618 τρίτῃ

953 628 1005 654 τῶν
1020 626 1171 662 congenitum,
1183 625 1199 661 ἢ
1216 627 1302 657 αὐτοῖς
1317 629 1370 657 τοῖς
1383 624 1526 658 σάὸίασινς
1539 625 1600 662 Οὐχ
1614 624 1720 659 ἁπλῶς,

954 672 1009 701 οὐδὲ
1022 673 1078 710 εἰκῇ
1091 684 1097 689 ·
1112 672 1179 701 ἀλλὰ
1193 670 1348 710 βουλόμενός
1366 682 1424 698 τινα
1442 669 1486 698 καὶ
1503 669 1555 697 ἀπὸ
1569 671 1613 697 τοῦ
1629 672 1720 709 καιροῦ

953 719 1043 747 λαὸεἷν
1055 718 1208 756 συμμαχίαν
1223 719 1259 750 εἷς
1273 718 1302 746 τὸ
1316 716 1524 756 προθυμοτέρους
1539 717 1648 749 ποιῆσαι
1661 714 1721 747 τοὺς

954 763 1128 802 εἰσφέροντας.
1151 764 1190 792 Οὐ
1211 762 1302 801 μικρὸν
1328 762 1354 790 δὲ
1378 760 1556 815 ἐπιτηδειότης
1579 764 1670 816 καιροῦ
1694 762 1721 789 ἐν

953 809 1036 838 ἅπασι
1050 809 1112 848 πρά·
1112 821 1197 865 (μασι.
1213 809 1265 837 Και
1279 808 1321 843 τί,
1336 808 1423 847 φησὶν,
1444 810 1457 836 ὃ
1471 818 1560 846 καιρος
1575 806 1720 841 επιτήδειον

953 854 1008 894 ἔχει
1027 855 1092 893 πρὸς
1106 867 1135 884 το
1149 859 1240 884 πεῖσαι
1254 854 1352 883 διδόναι
1367 852 1558 890 ἕλεημοσύνην;
1577 852 1653 880 Κατὰ
1671 851 1721 887 τὴν

951 901 1052 940 ἡμέραν
1073 901 1170 935 ταύττν
1190 900 1220 928 τὸ
1245 900 1332 934 πάσης
1354 898 1476 939 ἐργασίας
1497 897 1668 937 ἀφίστασθαι,
1689 897 1720 926 τὸ

951 946 1122 986 φαιδροτέραν
1133 946 1249 984 γίνεσθαι
1271 946 1318 980 τὴν
1339 945 1425 984 ψυχὴν
1440 945 1470 972 ἐκ
1488 945 1535 977 τῆς
1550 943 1674 979 ἀνέσεως,
1688 943 1720 972 τὸ

951 991 978 1019 δὲ
992 992 1096 1019 πάντων
1114 993 1209 1029 μεῖζον,
1224 991 1253 1019 το
1269 991 1367 1029 μυρίων
1389 992 1459 1027 ἡμᾶς
1472 989 1532 1017 κατ’
1551 988 1631 1023 αὐτὴν
1653 990 1721 1017 ἀπο-

952 1037 1106 1065 λελαυκέναι
1120 1036 1271 1065 καλῶν.Ἐν
1281 1036 1364 1074 ταύτῃ
1378 1035 1429 1074 γὰρ
1443 1037 1474 1073 τῇ
1487 1034 1575 1073 ἡμέρᾳ
1589 1034 1718 1069 κατελύθη

950 1085 964 1110 ὁ
984 1083 1106 1117 θάνατος,
1130 1082 1241 1117 ἐσξέσθη
1266 1084 1282 1116 ἡ
1306 1081 1422 1119 κατάρα,
1437 1080 1554 1118 ἁμαρτία
1573 1079 1718 1118 ἠφανίσθη,

951 1128 1012 1166 ᾅδου
1033 1128 1114 1156 πύλαι
1136 1127 1362 1162 συνεκλείσθησαν,
1377 1126 1422 1154 καὶ
1438 1125 1542 1162 δέσμιος
1564 1128 1577 1154 ὁ
1599 1125 1719 1158 διάὸολος

949 1173 1039 1211 γέγονε
1049 1196 1056 1209 ,
1071 1173 1116 1201 καὶ
1131 1175 1144 1201 ὁ
1160 1173 1262 1211 χρόνιος
1287 1171 1400 1211 ἀνῃρέθη
1414 1171 1543 1208 πόλεμος,
1561 1170 1606 1199 καὶ
1621 1171 1718 1198 καταλ-

949 1219 1028 1257 λαγαὶ
1040 1220 1108 1248 Θεοῦ
1122 1219 1187 1257 πρὸς
1202 1217 1351 1257 ἀνθρώπους
1373 1217 1489 1255 ἐγένοντο
1501 1228 1506 1233 ·
1520 1216 1564 1244 καὶ
1586 1216 1650 1255 πρὸς
1669 1215 1718 1250 τὴν

949 1264 1089 1303 προτέραν,
1103 1265 1202 1302 μᾶλλον
1214 1264 1241 1293 δὲ
1256 1264 1320 1302 πρὸς
1341 1263 1431 1301 πολλῷ
1447 1261 1552 1300 μείζονα
1573 1262 1717 1296 ἐπανῆλθεν

950 1310 1077 1348 εὐγένειαν
1096 1312 1171 1347 ἡμῶν
1191 1310 1221 1338 τὸ
1241 1309 1327 1348 γένος,
1353 1309 1398 1336 καὶ
1419 1308 1448 1335 τὸ
1463 1306 1613 1345 θαυμαστὸν
1636 1308 1719 1335 ἐκεῖνο

950 1356 994 1384 καὶ
1008 1355 1152 1395 παράδοξον
1167 1355 1252 1384 ἐπεῖδε
1267 1355 1350 1392 θέαμα
1367 1354 1453 1389 ἥλιος,
1468 1353 1602 1392 ἄνθρωπον
1618 1352 1717 1380 ἀθάνα-

949 1412 993 1429 τον
1005 1401 1185 1439 γεγενημένον.
1196 1400 1303 1429 Τούτων
1319 1400 1345 1428 δὲ
1361 1399 1465 1428 πάντων
1482 1401 1551 1436 ἡμᾶς
1568 1399 1718 1435 ἀναμνῆσαι

951 1446 1119 1484 βουλόμενος,
1135 1446 1179 1474 καὶ
1199 1448 1250 1474 τῶν
1266 1442 1397 1480 τοιούτων,
1409 1444 1455 1479 τὴν
1468 1443 1569 1482 ἡμέραν
1582 1444 1617 1475 εἷς
1638 1442 1717 1480 μέσον

949 1492 1048 1531 ἤγαγε,
1071 1491 1209 1530 μονονουχὶ
1226 1491 1366 1529 συνήγορον
1395 1489 1474 1524 αὐτὴν
1498 1489 1651 1527 λαμῧοίνων,
1673 1488 1718 1516 καὶ

949 1538 1013 1577 πρὸς
1039 1538 1149 1566 ἕκαστον
1169 1537 1252 1574 λέγων
1265 1548 1271 1553 ·
1299 1536 1418 1570 ἐννόησον
1443 1534 1531 1562 πόσων
1552 1534 1596 1562 καὶ
1617 1533 1716 1568 ἡλίκων

949 1584 1099 1616 ἀπέλαυσας
1123 1585 1227 1622 ἀγαθῶν
1254 1582 1322 1611 κατὰ
1339 1582 1387 1617 τὴν
1415 1581 1515 1620 ἡμέραν
1541 1580 1649 1615 ταύτην,
1673 1580 1718 1608 ἄν-

949 1631 1049 1668 θρωπε’
1065 1629 1153 1657 πόσων
1175 1628 1330 1666 ἀπηλλάγης
1344 1628 1432 1656 κακῶν
1444 1638 1450 1644 ·
1464 1626 1502 1659 τίς
1523 1625 1558 1653 ὧν
1573 1625 1602 1654 τὸ
1622 1624 1717 1664 πρότε-

951 1687 1004 1714 ρον,
1028 1675 1067 1707 τίς
1084 1674 1172 1713 ἐγένου
1202 1673 1268 1711 μετὰ
1293 1676 1384 1702 ταῦτα.
1406 1673 1439 1701 Εἰ
1460 1672 1487 1700 δὲ
1510 1671 1556 1704 τὰς
1574 1670 1718 1709 γενεθλίους

949 1722 1024 1758 ἡμῶν
1047 1719 1162 1759 ἡμέρας,
1175 1719 1268 1748 πολλοὶ
1290 1718 1316 1747 δὲ
1340 1720 1390 1747 τῶν
1407 1719 1515 1747 οἰκετῶν
1538 1716 1676 1751 κάκείνας,
1690 1716 1716 1744 ἐν

951 1763 991 1798 αἷς
1005 1765 1230 1805 ἠλευθερώθησαν,
1244 1764 1311 1803 μετὰ
1331 1765 1430 1799 πολλ’ῆς
1445 1763 1537 1802 ἄγουσι
1559 1765 1605 1797 τῆς
1623 1764 1718 1800 τιμῆς,

951 1824 996 1840 και
1016 1813 1039 1840 οἱ
1060 1811 1106 1849 μὲν
1124 1810 1259 1848 συμπόσια
1277 1812 1428 1845 ποιοῦνται,
1447 1811 1470 1837 οἱ
1485 1808 1511 1838 δὲ
1527 1808 1654 1847 ἐλευθεροι
1673 1807 1718 1836 καὶ

785 1863 825 1891 0¹8
852 1863 944 1897 1105253
953 1859 1022 1896 Smper
1033 1857 1194 1896 δωροῦνται,
1209 1855 1293 1884 πολ)ὰ
1305 1855 1348 1883 τὸν
1365 1854 1454 1892 καιρὸν
1471 1865 1614 1891 τιμωντες·
1626 1855 1717 1891 πολλω

185 1897 256 1925 1111110
271 1895 471 1925 diemvcncraii
486 1906 535 1934 par
544 1903 580 1923 est
582 1906 680 1933 ,quem
695 1907 745 1925 11011
758 1898 897 1936 0118110111,
908 1878 933 1928 2Λ
953 1905 1051 1942 pamm·
1069 1905 1140 1940 ἡμᾶς
1152 1901 1204 1940 χρὴ
1220 1906 1297 1939 τιμᾷν
1313 1900 1361 1934 τὴν
1382 1903 1407 1937 ἡλ
1423 1899 1482 1939 ἐραν
1503 1898 1611 1953 ταύτην,
1625 1899 1656 1933 ἣν
1672 1900 1719 1927 οὐχ

185 1943 275 1981 siquis
290 1942 371 1970 totius
383 1942 506 1970 humane
522 1949 623 1970 naturae
640 1941 712 1970 diem
726 1944 840 1972 natalem
852 1955 898 1973 10-

187 1999 233 2016 cas
237 1988 295 2016 crit.
307 1987 408 2016 Pcrditi
422 1987 492 2015 enim
508 1998 543 2015 er
539 1998 624 2022 1111115,
635 1994 659 2015 et
674 1987 775 2017 imenti
787 2000 896 2028 sumus,

187 2033 296 2070 mortui,
316 2040 341 2061 ct
365 2033 533 2069 reviximus;
556 2032 669 2071 inimici,
690 2040 715 2061 et
738 2035 900 2064 reconciliati

189 2089 291 2106 sumus.
305 2079 476 2117 Quapropter
486 2089 545 2106 eum
557 2078 656 2107 honore
670 2079 802 2118 spirituali
816 2081 901 2110 colere

187 2134 236 2162 par
249 2130 296 2159 cst,
311 2133 362 2150 nou
385 2123 524 2157 conviviis,
538 2134 588 2152 non
605 2124 660 2153 vini
681 2131 754 2163 potu,
767 2136 818 2154 non
831 2127 901 2156 ebri-

188 2177 265 2205 ctate,
278 2179 330 2196 non
340 2168 478 2206 tripudiis,
491 2168 536 2196 scd
551 2169 677 2197 fratribus
694 2171 789 2199 nostris
801 2183 901 2211 paupe-

189 2214 305 2242 rioribus
326 2212 361 2241 ad
384 2224 473 2241 rerum
494 2213 597 2252 copiam
612 2214 744 2244 adductis.
765 2217 826 2246 llaec
840 2218 901 2246 dico

189 2271 241 2289 non
261 2266 289 2288 ut
303 2259 417 2287 laudetis
430 2265 544 2293 tautum,
557 2258 601 2286 scd
618 2267 646 2287 ut
657 2261 736 2288 etiam
751 2261 900 2292 imitemini.

188 2307 228 2334 Ne
243 2304 340 2344 putetis
354 2304 425 2332 enim
440 2303 495 2331 haec
508 2303 542 2331 ad
558 2304 711 2333 Corinthios
725 2306 811 2335 solum
829 2308 901 2337 dicta

189 2352 280 2386 fuisse,
295 2350 340 2379 scd
354 2350 433 2378 etiam
448 2349 483 2377 ad
496 2355 615 2377 nostrum
626 2349 744 2388 singulos
756 2359 781 2380 ct
795 2353 830 2381 ad
845 2354 902 2382 uni-

189 2407 289 2432 vcr505‚
301 2397 345 2433 qui
355 2402 414 2434 post
428 2394 510 2422 futuri
526 2401 596 2423 sunt.
606 2395 727 2433 ldipsum
742 2407 804 2426 vero
817 2399 902 2427 sacia-

190 2452 249 2470 mus
272 2440 345 2479 quod
367 2439 467 2468 Paulus
493 2439 618 2478 pra‘cepit
632 2451 637 2466 ε
651 2447 675 2468 et
701 2440 745 2469 die
769 2441 903 2473 dominico
921 2456 938 2477 r.

190 2487 373 2525 unusquisque
384 2493 503 2514 nostrum
511 2485 584 2513 domi
596 2496 658 2524 opes
669 2486 816 2517 dominicas
828 2501 904 2529 repo-

191 2533 343 2571 mansitque
356 2532 407 2561 hoc
431 2531 475 2561 lex
493 2538 518 2560 et
537 2532 699 2562 consuetudo
714 2532 902 2574 immutabilis,

950 1950 980 1978 ἄν
992 1961 1031 1981 τις
1049 1948 1162 1986 ἁμάρτοι
1185 1949 1232 1982 τῆς
1249 1945 1413 1985 ἀνθρωπίνης
1433 1957 1532 1983 φυσευς
1552 1944 1657 1978 ἁπάσης
1671 1955 1716 1981 γε-

949 1995 1047 2023 νέθλιον
1065 1991 1414 2031 προσειπ(ι’1ν.’ἱπολωλότες
1431 2002 1481 2029 γαρ
1495 1992 1545 2026 ἠμε
1548 2002 1571 2025 ν,
1583 2002 1628 2017 και
1642 1988 1716 2027 εὗρέ-

952 2043 1047 2077 θημεν
1069 2037 1170 2076 νεκροὶ,
1186 2037 1231 2065 καὶ
1253 2037 1400 2073 ἀνεζησαμε
1402 2047 1429 2062 ν·
1446 2034 1546 2091 εχθροι,
1561 2046 1605 2063 και
1620 2036 1719 2068 κατηλ-

951 2085 1078 2123 λαγημεν.
1093 2083 1144 2112 Διὰ
1157 2085 1233 2111 τοῦτο
1245 2093 1289 2110 και
1303 2080 1430 2119 προσήκει
1445 2079 1524 2114 αὐτὴν
1544 2091 1623 2118 τιιιαν
1637 2079 1718 2117 τιμὴν

951 2128 1141 2167 πνευματικὴν,
1157 2127 1216 2166 οὐχὶ
1240 2126 1374 2164 συμπόσια
1396 2127 1546 2159 ποιοῦντας,
1571 2124 1628 2153 οὐδὲ
1652 2119 1718 2153 οἶνον

952 2174 1104 2214 ἐκχέοντας,
1120 2173 1177 2202 οὐδὲ
1193 2172 1333 2210 μεθυοντας
1342 2171 1387 2199 καὶ
1401 2181 1571 2210 χορευοντας,
1586 2169 1652 2198 ἀλλὰ
1660 2168 1719 2202 τους

952 2219 1133 2258 πτωχοτέρους
1158 2219 1209 2246 τῶν
1237 2218 1355 2255 ἀδελφῶν
1385 2217 1411 2244 ἐν
1437 2217 1521 2253 πολλῇ
1545 2215 1718 2247 καθιστάντας

952 2264 1070 2304 ἀφθονίᾳ.
1082 2266 1175 2293 Ταῦτα
1200 2263 1287 2301 λέγω,
1301 2264 1350 2300 οὐχ
1371 2261 1414 2289 ἵνα
1434 2263 1571 2295 ἔπαινῆτε,
1596 2261 1652 2288 ἀλλ’
1676 2260 1719 2289 ἵνα

952 2311 997 2340 καὶ
1009 2313 1134 2349 μιμῆσθε,
1144 2309 1190 2344 Μὴ
1201 2308 1250 2347 γὰρ
1263 2307 1293 2343 δὴ
1307 2307 1383 2345 μόνον
1393 2307 1456 2346 πρὸς
1467 2305 1616 2345 Κορινθίους
1636 2309 1718 2335 ταῦτα

954 2359 1073 2396 εἰρῆσθαι
1098 2354 1229 2393 νομίζετε,
1254 2353 1320 2381 ἀλλὰ
1341 2352 1386 2381 καὶ
1410 2351 1475 2390 πρὸς
1495 2352 1570 2389 ἡμῶν
1599 2351 1717 2388 ἕκαστον,

954 2402 998 2431 καὶ
1011 2403 1063 2430 τῶν
1078 2400 1143 2439 μετὰ
1153 2403 1236 2428 ταῦτα
1247 2398 1376 2436 ἐσομένων
1389 2397 1510 2426 ἁπάντων
1522 2408 1527 2414 ·
1541 2397 1585 2424 καὶ
1601 2399 1718 2434 ποιῶμεν

956 2447 1018 2475 αὐτὸ
1031 2446 1058 2474 δὲ
1078 2449 1167 2481 τοῦτο,
1182 2445 1245 2484 ὅπερ
1260 2445 1365 2476 Παῦλος
1385 2442 1492 2475 ἐπέταξε
1503 2454 1509 2460 ·
1524 2441 1568 2470 καὶ
1588 2442 1656 2471 κατὰ
1674 2454 1719 2471 κυ-

957 2491 1049 2531 ριακὴν
1061 2491 1169 2523 ἕκαστος
1180 2489 1341 2519 ἀποτιθέσθω
1351 2488 1416 2517 οἴκοι
1426 2487 1552 2527 χρήματα
1563 2488 1704 2517 δεσποτικᾶ
1712 2500 1718 2506 ·

956 2538 999 2566 καὶ
1015 2537 1091 2575 νόμος
1107 2537 1173 2566 ἔστω
1196 2536 1224 2564 τὸ
1247 2540 1357 2574 πρᾶγμα
1377 2534 1420 2563 καὶ
1440 2534 1562 2569 συνήθεια
1584 2533 1718 2570 ἀκίνητος,
