1840 2839
10 956 96 978 videns.

785 174 950 196 tii‘ffi’l'OlAE
957 188 964 195 .

114 246 155 267 tus
168 245 253 266 tacere
266 237 414 274 debuerim,
424 247 469 265 nec
484 235 730 275 conjunctissinmm
745 236 853 263 fratrent

113 286 240 325 regnique
251 292 396 314 consortem
409 291 462 313 tam
472 284 587 312 fideliter
598 283 752 318 admonere,
767 290 853 311 tamen

114 333 334 362 necessitudinem
355 332 492 371 sanguinis
518 332 628 361 stimulo
656 331 729 360 taciti
753 330 853 359 doloris

112 382 277 417 anteferens,
290 380 382 408 hortor
401 387 480 418 atquc
498 379 613 416 suadeo,
630 387 658 408 ut
678 379 744 415 lucc,
759 379 778 407 si
795 378 852 407 lieri

113 435 207 468 potest,
220 428 366 456 emendatis
385 428 410 455 in
426 434 561 467 posterum
582 427 702 455 moribus
717 426 853 463 corrigan-

112 482 171 512 tur;
188 486 218 504 ac
239 475 331 504 divina
355 475 504 509 iracundia,
519 482 649 513 quantum
669 485 697 503 re
718 474 851 514 proditur,

110 522 235 558 excitata,
249 530 374 551 votorum
386 522 527 550 sedulitate
540 523 666 561 placetur.

151 570 270 609 Accipite
286 581 301 598 a
314 581 356 598 me
368 580 503 598 summum
518 569 698 608 simplicitatis
710 568 850 597 indicium.

110 617 213 646 Idcirco
226 618 275 645 hoc
286 617 431 646 clementia:
442 624 536 646 vestrm
544 616 736 645 insinuandum
746 615 850 655 putavi,

110 675 142 693 ne
164 675 207 693 me
230 665 303 693 velut
331 664 509 703 gratulatione
533 664 636 692 occulta
661 664 755 691 faceret
778 662 852 701 apud

109 723 241 751 quemque
256 713 421 741 taciturnitas
440 712 496 752 ipsa
519 718 670 751 suspectum
687 723 692 738 :
708 721 774 739 neve
791 711 852 748 quis

109 760 236 796 crederet,
251 770 293 788 me
307 760 405 788 talibus
418 760 494 788 factis
509 759 627 798 praebere
642 769 813 795 consensum,
827 764 852 786 et

107 807 154 845 qui
167 818 236 846 saepe
244 818 276 835 ne
286 807 435 836 acciderent
447 806 668 843 commonuerim,
679 813 851 845 posteaquam

108 854 248 883 commissa
268 861 346 892 sunt,
367 865 419 883 non
445 854 571 883 dolerem.
591 855 661 882 Nam
682 854 743 892 quis
764 860 851 894 posset

108 911 203 941 expers
217 901 318 930 doloris
338 901 384 940 qui
406 913 433 930 sc
453 901 573 930 meminit
588 901 780 938 Christianum,
794 909 852 930 tan—

107 956 162 978 tam
173 950 187 964 *
202 949 292 978 subito
305 949 531 989 perturbationem
549 949 686 987 religionis
704 949 850 986 inductam,

108 1003 137 1026 ut
155 1007 261 1026 omnem
279 997 416 1026 catholica)
434 997 498 1025 fidei
513 1003 610 1025 statum
631 1007 734 1025 necesse
747 997 780 1025 sit
796 997 850 1025 ssu-

107 1044 216 1073 ctuare?
236 1044 300 1073 Erat
321 1044 389 1073 inter
408 1044 546 1083 episcopos
571 1054 658 1079 causa,
672 1055 730 1082 quae
753 1044 849 1072 collato

107 1098 294 1130 contractoque
308 1092 430 1129 concilio,
444 1091 551 1120 deberet
566 1091 670 1120 absolvi
689 1103 694 1118 :
712 1091 800 1120 missis
814 1092 848 1120 ad

107 1139 253 1168 sacerdotes
275 1140 351 1169 urbis
370 1147 473 1168 anema}
492 1147 570 1178 atquc
592 1139 675 1168 Italiae
689 1146 801 1178 utraque
815 1151 848 1168 ex

105 1193 181 1226 parte
202 1187 305 1226 legatis,
320 1188 523 1227 exspectabatur
541 1198 575 1216 ex
594 1187 713 1216 omnium
733 1187 847 1216 auetori-

105 1241 158 1262 tate
175 1235 314 1271 sententia,
336 1235 511 1264 informatura
531 1235 652 1274 regulam
671 1234 820 1274 disciplinae
839 1247 845 1263 :

104 1282 238 1320 integrum
259 1293 353 1322 nempe
368 1293 423 1311 esse
436 1282 582 1320 debuerat,
600 1293 683 1321 neque
698 1282 846 1321 quidquam

104 1330 209 1367 novari,
222 1329 288 1358 dum
297 1330 418 1359 definitio
434 1330 580 1359 deliberata
598 1331 768 1370 procederet:
784 1341 847 1359 cum

105 1378 203 1406 interea
214 1377 313 1406 mirum
328 1377 463 1416 quoddam
476 1378 656 1417 praecipitium
672 1378 846 1408 festinationis

1581 161 1650 209 627

909 234 1022 272 exarsit5
1039 241 1066 263 ut
1081 244 1133 263 non
1148 234 1308 274 exspectatis
1318 235 1402 263 literis
1415 233 1592 272 sacerdotum,
1607 236 1653 273 qui

910 282 1013 310 fuerant
1034 289 1126 310 mutua
1154 282 1270 321 partium
1292 282 1423 319 legatione
1451 282 1583 317 consulti,
1602 293 1653 310 non

909 329 1068 358 examinatis
1083 330 1170 365 rebus,
1182 329 1208 358 in
1226 330 1352 358 exsilium
1368 329 1536 358 traderentur
1549 331 1654 360 antisti-

910 385 958 415 tes,
975 378 1198 408 animadversioni
1219 379 1293 418 prius
1313 378 1428 415 addicti,
1447 389 1527 416 quam
1545 387 1653 407 senten-

911 426 973 454 tiam
994 427 1090 466 judieii
1113 426 1271 466 episcopalis
1291 426 1404 466 experti.
1427 426 1549 465 Denique
1572 437 1654 464 quam

910 474 1051 502 immatura
1068 474 1113 502 illa
1126 474 1261 503 damnatio
1276 475 1364 510 suerit,
1378 485 1418 502 res
1431 474 1654 513 probavit.Nam-

910 532 961 559 qne
977 521 1006 555 ii,
1022 533 1136 559 qnorum
1154 522 1359 561 exspectabatur
1374 521 1528 558 auctoritas,
1542 522 1653 561 pacifica

908 570 1005 598 „loanni
1027 570 1151 608 episcopo
1167 570 1354 598 communione
1371 570 1520 609 pra-missa,
1533 570 1652 598 sancien-

907 616 971 644 dam
989 617 1158 645 concordiam
1173 624 1341 652 censuerunt,
1358 628 1404 645 nec
1420 628 1581 655 quemquam
1597 628 1651 656 pu—

909 671 998 693 tarunt
1013 671 1074 692 ante
1084 663 1219 703 judicium
1233 665 1365 692 consortio
1379 664 1572 704 repellendum.

948 711 1023 747 Quid
1039 723 1108 740 nunc
1120 712 1195 740 aliud
1211 719 1340 751 superest,
1353 724 1432 750 qnam
1449 720 1478 741 nt
1493 713 1652 741 catholicam

907 758 988 788 fidem
998 759 1140 787 schismata
1153 759 1178 787 in
1189 759 1326 787 diversum
1337 759 1476 787 dissociata
1486 760 1651 788 dilacerem?

909 818 989 845 qnam
1002 814 1031 835 ut
1045 807 1157 836 haereses
1172 807 1354 835 communioni
1370 818 1474 846 semper
1491 807 1604 836 inimicae
1618 817 1652 836 ex

908 861 980 883 tanta
1002 865 1091 883 rerum
1111 854 1241 883 varietate
1255 855 1419 883 nascantur?
1435 862 1462 883 ut
1475 855 1530 894 jam
1552 855 1652 894 populo

908 912 959 930 non
979 901 1073 930 debeat
1089 902 1228 941 imputari,
1245 902 1265 930 si
1285 903 1352 930 sorte
1373 902 1399 930 in
1421 902 1542 930 dissonas
1562 909 1651 941 partes

906 956 1037 978 sectarum
1049 948 1205 977 diversitate
1218 948 1354 978 discedat:
1369 960 1428 978 cum
1444 960 1478 978 ex
1493 949 1652 978 auctoritate

907 997 1015 1036 publica
1033 996 1230 1025 discordiarum
1252 997 1375 1025 materies
1397 997 1431 1025 sit
1454 997 1601 1036 prtemissa,
1625 1004 1651 1025 et

905 1045 987 1073 sumes
996 1044 1106 1083 quidam
1115 1044 1262 1073 nutriendae
1271 1044 1410 1073 seditionis
1418 1045 1560 1073 animatus.
1568 1044 1649 1081 Quod

905 1103 937 1121 ne
952 1092 977 1121 in
991 1103 1114 1131 magnam
1126 1092 1244 1130 aliquam
1258 1092 1362 1131 generis
1378 1092 1489 1120 humani
1504 1092 1648 1131 perniciem

903 1139 1079 1176 recrudescat,
1095 1146 1157 1169 vota
1176 1139 1297 1168 facienda
1320 1146 1391 1176 sunt,
1413 1146 1441 1167 ut
1462 1139 1496 1168 ad
1519 1139 1648 1168 humanas

902 1188 1086 1227 prolapsiones
1102 1187 1205 1227 patiens
1220 1188 1292 1216 Deus
1307 1198 1362 1215 rem
1379 1187 1449 1215 male
1463 1194 1563 1226 gestam
1579 1198 1646 1226 pro-

901 1242 988 1275 speret
1009 1246 1040 1264 ac
1062 1234 1199 1266 secundet,
1214 1236 1283 1264 Nam
1304 1242 1434 1274 quantum
1455 1235 1480 1263 in
1503 1235 1579 1264 nobis
1596 1242 1644 1271 est,

902 1294 1044 1323 possumus
1069 1283 1163 1311 timere
1177 1283 1252 1321 qnod
1270 1290 1373 1321 gestum
1392 1290 1431 1311 est
1447 1295 1452 1310 :
1470 1289 1599 1321 quantum
1613 1282 1647 1311 ad

902 1331 1026 1371 pietatem
1046 1341 1150 1370 semper
1170 1330 1312 1370 placabilis
1335 1330 1396 1367 Dei,
1415 1341 1468 1359 non
1490 1330 1540 1359 erit
1560 1329 1648 1359 meriti

902 1379 1049 1418 impunitas
1064 1378 1179 1416 indulta,
1194 1377 1241 1406 sed
1256 1378 1350 1406 veniae.

104 1551 212 1580 ⁸T01>2
238 1551 598 1580 ΕΓΚΕΚΛΕΙΣΜΕΝΟΙΣ
623 1548 920 1599 Enlzxonomssff

152 1642 343 1682 Πρεσὸυτέροις
352 1665 360 1680 ,
373 1643 418 1672 καὶ
430 1643 558 1677 διακόνοις
569 1644 596 1672 ἐν
610 1643 782 1682 δεσμωτηρίῳ
795 1643 827 1671 δι’

415 1689 558 1718 εὖσέὲῗειαν.

145 1779 279 1819 Μακάριοι
292 1783 338 1809 τοῦ
352 1780 546 1820 δεσμωτηρίου,
561 1780 605 1809 καὶ
625 1783 672 1816 τῆς
687 1780 818 1818 ἁλύσεως,
829 1781 875 1811 καὶ

104 1827 150 1861 τῆς
162 1827 212 1854 τῶν
227 1827 329 1863 δεσμῶν
341 1826 486 1859 ὑποθέσεως
500 1828 588 1864 ὑμεῖς’
603 1827 730 1866 μακάριοι
744 1827 790 1856 καὶ
802 1840 874 1866 τρισ-

106 1871 232 1910 μακάριοι
241 1894 248 1907 ,
258 1871 302 1900 καὶ
313 1871 440 1904 πολλάκις
450 1875 538 1907 τοῦτο,
554 1871 578 1900 οἳ
592 1878 679 1901 πᾶσαν
691 1872 874 1911 ἀνηρτήσασθε

105 1916 152 1952 τὴν
163 1916 317 1954 οἰκουμένην
329 1919 366 1955 τῷ
382 1918 442 1956 περὶ
458 1919 526 1955 ὑμᾶς
544 1917 658 1957 φίλτρῳ,
672 1917 783 1956 ἐραστὰς
801 1920 874 1956 ὑμῶν

105 1962 220 1994 καὶτοὺς
233 1962 366 2001 πόρρωθεν
388 1962 463 1995 ὄντας
477 1962 649 1997 πεποιήκατε.
665 1964 807 2002 Πανταχοῧ
827 1966 875 2002 γῆς

105 2007 149 2036 καὶ
163 2007 292 2042 θαλάττης
311 2007 401 2046 ᾅδεται
419 2009 491 2045 ὑμῶν
513 2007 547 2036 τὰ
569 2007 775 2046 κατορθώματα,
795 2011 812 2043 ἡ
828 2010 875 2036 ἀν-

105 2053 178 2092 δρεία
187 2076 194 2088 ,
202 2055 218 2088 ἡ
228 2052 415 2091 ἀπερίτρεΤπος
425 2052 517 2091 γνώμη
527 2075 534 2088 ,
545 2053 575 2081 τὸ
587 2053 732 2082 ἀδούλωτον
745 2053 874 2093 φρόνημα.

104 2098 188 2128 Οὐδὲν
204 2101 270 2136 ὑμᾶς
291 2097 439 2133 κατέπληξε
455 2100 506 2127 τῶν
526 2099 671 2128 δοκούντων
690 2095 754 2128 εἶναι
775 2100 874 2134 δεινῶν,

103 2145 132 2174 οὗ
143 2144 320 2183 δικαστήριον,
332 2145 361 2172 οὐ
377 2144 469 2182 δήμιος
479 2167 486 2180 ,
501 2146 529 2172 οὐ
552 2145 673 2182 βασάνων
695 2145 814 2184 νιφάδες,
829 2147 875 2174 οὐκ

104 2190 211 2219 ἀπειλαὶ
228 2189 326 2229 μυρίων
349 2189 477 2227 γέμουσαι
493 2190 620 2225 θανάτων,
633 2192 661 2218 οὐ
679 2190 803 2225 δικαστὴς
822 2194 875 2230 ’,τῧρ
893 2196 910 2218 Β

103 2236 155 2264 ἀπὸ
172 2238 217 2264 τοῦ
237 2235 366 2272 στόματος
389 2235 482 2274 ἀφιεὶς,
500 2237 546 2264 οὐκ
567 2236 655 2274 ἐχθροὶ
673 2236 794 2274 θήγοντες
817 2236 875 2269 τοὺς

103 2281 222 2316 ὀδόντας,
234 2280 278 2309 καὶ
293 2279 373 2320 μυρία
384 2280 440 2315 εἴδη
452 2283 581 2313 κινοῦντες
593 2281 732 2316 {wgo-alig
740 2303 747 2316 ,
761 2283 789 2310 οὖ
801 2294 875 2311 συκο-

103 2327 209 2366 φαντίαι
235 2328 376 2361 τοσαῦται,
389 2327 435 2355 οὐκ
462 2326 629 2365 ἀναίσιι-υντοι
656 2327 827 2367 κατηγορίαι,
846 2329 874 2357 οὗ

103 2373 211 2406 θάνατος
222 2372 274 2413 πρὸ
286 2375 338 2401 τῶν
351 2374 492 2412 ὀφθαλμῶν
507 2375 565 2401 καθ’
579 2374 690 2409 ἑκάστην
701 2374 802 2412 ἡμέραν
814 2387 874 2414 φαι-

102 2418 222 2456 νόμενος·
238 2419 296 2448 ἀλλ’
311 2419 420 2456 ἤρκεσεν
435 2421 496 2457 ὑμῖν
513 2421 550 2452 εἷς
573 2420 740 2458 παράκλησιν
760 2422 812 2449 τῶν
832 2433 874 2460 γι-

103 2464 217 2502 νομένων
232 2468 249 2501 ἧ
269 2467 321 2494 τῶν
333 2466 475 2504 γινομένων
491 2466 621 2499 ὑπόθεσις.
634 2465 686 2494 Διὰ
699 2470 783 2495 ταῦτα
797 2479 873 2506 φανε-

126 2550 223 2576 Cottam
237 2559 293 2575 eum
303 2551 394 2581 vatio,
405 2550 514 2581 Fabr?c.‚
525 2550 625 2575 coistin.
639 2557 663 2575 ct
676 2551 753 2583 Regio
766 2560 824 2575 uno.

1129 1549 1192 1579 AD
1214 1550 1446 1586 EPISCOPOS,

927 1643 1120 1679 presbyteros
1134 1648 1162 1671 et
1176 1643 1317 1671 diaconos
1332 1643 1368 1670 oh
1381 1644 1521 1681 pietatem
1537 1644 1567 1671 in
1582 1653 1646 1672 car-

1178 1698 1242 1717 cere
1257 1688 1397 1717 inclusos.

967 1781 1044 1810 Beati
1056 1792 1103 1810 vos
1118 1781 1153 1810 ob
1167 1791 1309 1816 carcerem,
1319 1781 1354 1809 ob
1368 1787 1482 1816 catenas,
1495 1780 1530 1809 ob
1548 1780 1643 1819 injecta

927 1826 1035 1856 vincula
1050 1839 1056 1854 :
1072 1827 1160 1864 beati,
1179 1826 1306 1864 inquam,
1323 1833 1347 1854 et
1365 1832 1404 1854 ter
1418 1825 1504 1861 beati,
1519 1825 1572 1853 imo
1590 1836 1642 1853 sm-

927 1871 998 1912 pius.
1018 1872 1120 1900 Totum
1143 1871 1235 1900 orbem
1257 1871 1335 1898 vobis
1355 1869 1517 1898 conciliastis
1537 1881 1543 1896 :
1565 1869 1645 1898 etiam

927 1917 1005 1956 longe
1028 1917 1148 1945 absentes
1175 1916 1274 1944 amicos
1301 1915 1378 1943 vobis
1405 1914 1513 1943 fecistis.
1537 1914 1645 1953 Ubique

927 1969 1059 1991 terrarum
1076 1968 1101 1990 et
1120 1961 1234 1989 marium
1253 1966 1388 1988 canuntur
1407 1966 1495 1988 vestra
1517 1959 1645 1999 praeelara

928 2008 1054 2043 facinora,
1073 2006 1214 2043 fortitudo,
1230 2012 1353 2034 constans
1372 2005 1511 2042 sententia,
1526 2005 1645 2034 animus-

928 2065 979 2092 que
998 2053 1109 2081 minime
1127 2052 1240 2081 servilis.
1260 2051 1348 2087 Nihil,
1368 2052 1543 2090 quantumvis
1563 2062 1645 2090 grave

927 2099 1060 2135 videatur,
1075 2110 1123 2128 vos
1137 2098 1266 2127 deterruit
1283 2110 1290 2126 ;
1308 2108 1360 2127 non
1374 2098 1492 2126 tribunal
1495 2121 1504 2133 ‚
1518 2109 1570 2126 non
1586 2109 1643 2126 car-

927 2146 1011 2183 nifex,
1025 2156 1078 2174 non
1092 2152 1285 2173 tormentorum
1298 2144 1382 2173 multa
1397 2154 1503 2183 genera,
1519 2155 1571 2173 non
1589 2145 1644 2173 mi-

928 2202 968 2220 na:
982 2202 1040 2230 quae
1056 2191 1208 2220 innumeras
1222 2197 1320 2219 mortes
1332 2190 1493 2219 nuntiabant
1508 2202 1514 2218 τ
1530 2202 1581 2219 non
1592 2192 1643 2230 ju-

928 2237 993 2274 dex,
1007 2237 1054 2275 qui
1075 2237 1165 2275 ignem
1186 2236 1220 2264 ab
1235 2247 1281 2265 ore
1301 2235 1430 2275 spirabat,
1444 2246 1496 2264 non
1517 2235 1642 2265 adversa-

927 2283 972 2319 rii,
987 2283 1034 2321 qui
1055 2282 1214 2311 frendebant
1232 2281 1367 2317 dentibus,
1383 2289 1409 2310 et
1426 2282 1580 2310 innumeras
1602 2282 1642 2310 in-

926 2329 1007 2358 sidias
1020 2329 1168 2365 struebant,
1181 2339 1234 2357 non
1255 2334 1334 2356 tantae
1352 2327 1504 2365 calumniae,
1524 2339 1576 2357 non
1592 2329 1642 2357 im-

925 2374 1126 2414 pudentissimae
1142 2374 1334 2409 accusationes,
1350 2384 1400 2402 non
1416 2384 1488 2402 mors
1502 2381 1563 2403 ante
1579 2386 1642 2403 ocu-

925 2421 965 2450 los
988 2421 1107 2460 quotidie
1127 2420 1281 2461 proposita,
1303 2419 1350 2448 sed
1370 2420 1427 2448 haec
1454 2420 1543 2449 omnia
1565 2420 1642 2449 vobis

925 2467 1033 2496 uberem
1049 2467 1139 2507 potius
1151 2477 1182 2496 ac
1196 2466 1372 2495 sufficientem
1387 2466 1574 2495 consolationis
1587 2476 1642 2494 ma-

1712 1790 1796 1816 Scripta

1654 1828 1710 1841 anuo
1726 1819 1780 1850 404.
