<?xml version="1.0" encoding="UTF-8"?>
<!DOCTYPE html PUBLIC "-//W3C//DTD XHTML 1.0 Transitional//EN"
    "http://www.w3.org/TR/xhtml1/DTD/xhtml1-transitional.dtd">
<html xmlns="http://www.w3.org/1999/xhtml" xml:lang="en" lang="en">
 <head>
  <title>
</title>
<meta http-equiv="Content-Type" content="text/html;charset=utf-8" />
  <meta name='ocr-system' content='tesseract 3.04.00' />
  <meta name='ocr-capabilities' content='ocr_page ocr_carea ocr_par ocr_line ocrx_word'/>
</head>
<body>
  <div class='ocr_page' id='page_1' title='image "./operaomniaquaeex03johnuoft/operaomniaquaeex03johnuoft_0811.png"; bbox 0 0 1840 2839; ppageno 0'>
   <div class='ocr_carea' id='block_1_1' title="bbox 760 177 937 200">
    <p class='ocr_par' dir='ltr' id='par_1_1' title="bbox 760 177 937 200">
     <span class='ocr_line' id='line_1_1' title="bbox 760 177 937 200; baseline 0.006 -2"><span class='ocrx_word' id='word_1_1' title='bbox 760 177 895 200; x_wconf 61' lang='lat' dir='ltr'><strong>tit&#39;tst&#39;ot.</strong></span> <span class='ocrx_word' id='word_1_2' title='bbox 904 179 937 200; x_wconf 75' lang='lat' dir='ltr'>E.</span> 
     </span>
    </p>
   </div>
   <div class='ocr_carea' id='block_1_2' title="bbox 74 233 841 318">
    <p class='ocr_par' dir='ltr' id='par_1_2' title="bbox 74 233 841 318">
     <span class='ocr_line' id='line_1_2' title="bbox 74 233 841 276; baseline 0.007 -15"><span class='ocrx_word' id='word_1_3' title='bbox 74 234 119 267; x_wconf 76' lang='grc' dir='ltr'>δῆς</span> <span class='ocrx_word' id='word_1_4' title='bbox 148 233 194 269; x_wconf 76' lang='grc' dir='ltr'>τὴν</span> <span class='ocrx_word' id='word_1_5' title='bbox 224 234 397 272; x_wconf 81' lang='grc' dir='ltr'>τεθλιμμένην</span> <span class='ocrx_word' id='word_1_6' title='bbox 422 237 478 265; x_wconf 74' lang='grc' dir='ltr'>ὁδὸν</span> <span class='ocrx_word' id='word_1_7' title='bbox 501 236 619 266; x_wconf 77' lang='grc' dir='ltr'>διανύσαι</span> <span class='ocrx_word' id='word_1_8' title='bbox 643 239 766 276; x_wconf 61' lang='grc' dir='ltr'>δυνηθῇς,</span> <span class='ocrx_word' id='word_1_9' title='bbox 794 239 841 273; x_wconf 67' lang='grc' dir='ltr'>τὴν</span> 
     </span>
     <span class='ocr_line' id='line_1_3' title="bbox 74 278 413 318; baseline 0.006 -12"><span class='ocrx_word' id='word_1_10' title='bbox 74 282 84 293; x_wconf 73' lang='lat'>²</span> <span class='ocrx_word' id='word_1_11' title='bbox 95 278 158 316; x_wconf 84' lang='grc' dir='ltr'>πρὸς</span> <span class='ocrx_word' id='word_1_12' title='bbox 171 279 248 308; x_wconf 84' lang='grc' dir='ltr'>αὐτὸν</span> <span class='ocrx_word' id='word_1_13' title='bbox 259 279 413 318; x_wconf 77' lang='grc' dir='ltr'>ἀνοίγουσαν.</span> 
     </span>
    </p>
   </div>
   <div class='ocr_carea' id='block_1_3' title="bbox 93 504 819 593">
    <p class='ocr_par' dir='ltr' id='par_1_3' title="bbox 93 504 819 593">
     <span class='ocr_line' id='line_1_4' title="bbox 93 504 819 549; baseline 0.007 -15"><span class='ocrx_word' id='word_1_14' title='bbox 93 504 138 543; x_wconf 71' lang='grc' dir='ltr'>ρξ’.</span> <span class='ocrx_word' id='word_1_15' title='bbox 154 506 266 546; x_wconf 79' lang='grc' dir='ltr'>Κάστῳ,</span> <span class='ocrx_word' id='word_1_16' title='bbox 280 508 432 548; x_wconf 76' lang='grc' dir='ltr'>Οὐαλερίῳ,</span> <span class='ocrx_word' id='word_1_17' title='bbox 450 509 603 549; x_wconf 61' lang='grc' dir='ltr'>Διοφάντῳ,</span> <span class='ocrx_word' id='word_1_18' title='bbox 621 510 666 538; x_wconf 79' lang='grc' dir='ltr'>καὶ</span> <span class='ocrx_word' id='word_1_19' title='bbox 681 511 819 549; x_wconf 79' lang='grc' dir='ltr'>Κυριακῷ,</span> 
     </span>
     <span class='ocr_line' id='line_1_5' title="bbox 359 553 552 593; baseline 0 -11"><span class='ocrx_word' id='word_1_20' title='bbox 359 553 552 593; x_wconf 67' lang='grc' dir='ltr'>πρεσίυτέροις.</span> 
     </span>
    </p>
   </div>
   <div class='ocr_carea' id='block_1_4' title="bbox 15 639 840 2504">
    <p class='ocr_par' dir='ltr' id='par_1_4' title="bbox 15 639 840 2504">
     <span class='ocr_line' id='line_1_6' title="bbox 111 639 840 684; baseline 0.004 -15"><span class='ocrx_word' id='word_1_21' title='bbox 111 639 149 669; x_wconf 79' lang='lat'>⁶0</span> <span class='ocrx_word' id='word_1_22' title='bbox 165 641 303 679; x_wconf 66' lang='grc' dir='ltr'>συμῧαίνει</span> <span class='ocrx_word' id='word_1_23' title='bbox 323 644 361 681; x_wconf 80' lang='grc' dir='ltr'>τῷ</span> <span class='ocrx_word' id='word_1_24' title='bbox 379 643 480 684; x_wconf 88' lang='grc' dir='ltr'>χρυσίῳ</span> <span class='ocrx_word' id='word_1_25' title='bbox 499 644 696 682; x_wconf 73' lang='grc' dir='ltr'>βασανιζομένῳ</span> <span class='ocrx_word' id='word_1_26' title='bbox 713 645 840 677; x_wconf 79' lang='grc' dir='ltr'>πολλάκις</span> 
     </span>
     <span class='ocr_line' id='line_1_7' title="bbox 71 687 839 728; baseline 0.004 -13"><span class='ocrx_word' id='word_1_27' title='bbox 71 687 122 716; x_wconf 81' lang='grc' dir='ltr'>ὑπὸ</span> <span class='ocrx_word' id='word_1_28' title='bbox 140 687 236 726; x_wconf 85' lang='grc' dir='ltr'>πυρὸς,</span> <span class='ocrx_word' id='word_1_29' title='bbox 259 691 335 718; x_wconf 75' lang='grc' dir='ltr'>τοῦτο</span> <span class='ocrx_word' id='word_1_30' title='bbox 357 690 401 717; x_wconf 81' lang='grc' dir='ltr'>καὶ</span> <span class='ocrx_word' id='word_1_31' title='bbox 426 694 483 722; x_wconf 82' lang='grc' dir='ltr'>ταῖς</span> <span class='ocrx_word' id='word_1_32' title='bbox 504 695 614 728; x_wconf 81' lang='grc' dir='ltr'>χρυσαῖς</span> <span class='ocrx_word' id='word_1_33' title='bbox 634 690 708 718; x_wconf 82' lang='grc' dir='ltr'>εἴωθε</span> <span class='ocrx_word' id='word_1_34' title='bbox 728 690 839 728; x_wconf 83' lang='grc' dir='ltr'>προσγί-</span> 
     </span>
     <span class='ocr_line' id='line_1_8' title="bbox 71 734 840 773; baseline 0.005 -14"><span class='ocrx_word' id='word_1_35' title='bbox 71 735 158 760; x_wconf 85' lang='grc' dir='ltr'>νεσθαι</span> <span class='ocrx_word' id='word_1_36' title='bbox 176 734 272 772; x_wconf 68' lang='grc' dir='ltr'>ψυχαῖς</span> <span class='ocrx_word' id='word_1_37' title='bbox 291 734 342 762; x_wconf 82' lang='grc' dir='ltr'>ὑπὸ</span> <span class='ocrx_word' id='word_1_38' title='bbox 360 736 411 762; x_wconf 81' lang='grc' dir='ltr'>τῶν</span> <span class='ocrx_word' id='word_1_39' title='bbox 428 737 592 773; x_wconf 77' lang='grc' dir='ltr'>πειρασμῶν,</span> <span class='ocrx_word' id='word_1_40' title='bbox 612 734 732 770; x_wconf 80' lang='grc' dir='ltr'>Ἐκείνην</span> <span class='ocrx_word' id='word_1_41' title='bbox 747 747 774 763; x_wconf 90' lang='grc' dir='ltr'>τε</span> <span class='ocrx_word' id='word_1_42' title='bbox 789 735 840 773; x_wconf 78' lang='grc' dir='ltr'>γὰρ</span> 
     </span>
     <span class='ocr_line' id='line_1_9' title="bbox 70 777 838 820; baseline 0.004 -14"><span class='ocrx_word' id='word_1_43' title='bbox 70 777 117 812; x_wconf 63' lang='grc' dir='ltr'>’.ἢν</span> <span class='ocrx_word' id='word_1_44' title='bbox 139 778 202 813; x_wconf 79' lang='grc' dir='ltr'>ὕλην</span> <span class='ocrx_word' id='word_1_45' title='bbox 225 779 409 819; x_wconf 78' lang='grc' dir='ltr'>λαμπροτέραν</span> <span class='ocrx_word' id='word_1_46' title='bbox 430 781 520 819; x_wconf 82' lang='grc' dir='ltr'>πολλῷ</span> <span class='ocrx_word' id='word_1_47' title='bbox 543 781 588 808; x_wconf 78' lang='grc' dir='ltr'>καὶ</span> <span class='ocrx_word' id='word_1_48' title='bbox 615 781 801 820; x_wconf 71' lang='grc' dir='ltr'>καθαρωτέραν</span> <span class='ocrx_word' id='word_1_49' title='bbox 822 783 838 816; x_wconf 87' lang='grc' dir='ltr'>ἠ</span> 
     </span>
     <span class='ocr_line' id='line_1_10' title="bbox 70 825 839 866; baseline 0.004 -14"><span class='ocrx_word' id='word_1_50' title='bbox 70 826 116 858; x_wconf 73' lang='grc' dir='ltr'>τῆς</span> <span class='ocrx_word' id='word_1_51' title='bbox 138 825 230 863; x_wconf 67' lang='grc' dir='ltr'>φλογὸς</span> <span class='ocrx_word' id='word_1_52' title='bbox 254 825 391 864; x_wconf 63' lang='grc' dir='ltr'>ἀποφαίνει</span> <span class='ocrx_word' id='word_1_53' title='bbox 406 825 494 864; x_wconf 66' lang='grc' dir='ltr'>φύσις,</span> <span class='ocrx_word' id='word_1_54' title='bbox 512 828 638 863; x_wconf 75' lang='grc' dir='ltr'>ὁμιλοῦσα</span> <span class='ocrx_word' id='word_1_55' title='bbox 659 828 723 865; x_wconf 72' lang='grc' dir='ltr'>αὐτ-’ᾖ</span> <span class='ocrx_word' id='word_1_56' title='bbox 746 828 839 866; x_wconf 82' lang='grc' dir='ltr'>χρόνον</span> 
     </span>
     <span class='ocr_line' id='line_1_11' title="bbox 69 870 837 911; baseline 0.007 -14"><span class='ocrx_word' id='word_1_57' title='bbox 69 872 205 905; x_wconf 80' lang='grc' dir='ltr'>τοσοῦτον,</span> <span class='ocrx_word' id='word_1_58' title='bbox 228 870 287 899; x_wconf 80' lang='grc' dir='ltr'>ὅσον</span> <span class='ocrx_word' id='word_1_59' title='bbox 310 871 340 898; x_wconf 80' lang='grc' dir='ltr'>ἂν</span> <span class='ocrx_word' id='word_1_60' title='bbox 362 873 376 899; x_wconf 81' lang='grc' dir='ltr'>ὁ</span> <span class='ocrx_word' id='word_1_61' title='bbox 398 873 446 906; x_wconf 70' lang='grc' dir='ltr'>τῆς</span> <span class='ocrx_word' id='word_1_62' title='bbox 470 871 564 910; x_wconf 76' lang='grc' dir='ltr'>τέχνης</span> <span class='ocrx_word' id='word_1_63' title='bbox 586 872 721 911; x_wconf 81' lang='grc' dir='ltr'>ἐπιτρέπει</span> <span class='ocrx_word' id='word_1_64' title='bbox 746 873 837 911; x_wconf 80' lang='grc' dir='ltr'>νόμος·</span> 
     </span>
     <span class='ocr_line' id='line_1_12' title="bbox 68 914 838 957; baseline 0.005 -14"><span class='ocrx_word' id='word_1_65' title='bbox 68 914 127 948; x_wconf 81' lang='grc' dir='ltr'>τούς</span> <span class='ocrx_word' id='word_1_66' title='bbox 146 927 174 943; x_wconf 88' lang='grc' dir='ltr'>τε</span> <span class='ocrx_word' id='word_1_67' title='bbox 199 917 236 954; x_wconf 82' lang='grc' dir='ltr'>τῷ</span> <span class='ocrx_word' id='word_1_68' title='bbox 255 916 356 956; x_wconf 80' lang='grc' dir='ltr'>χρυσίῳ</span> <span class='ocrx_word' id='word_1_69' title='bbox 376 916 444 945; x_wconf 82' lang='grc' dir='ltr'>κατὰ</span> <span class='ocrx_word' id='word_1_70' title='bbox 466 917 580 946; x_wconf 76' lang='grc' dir='ltr'>διάνοιαν</span> <span class='ocrx_word' id='word_1_71' title='bbox 601 918 717 950; x_wconf 79' lang='grc' dir='ltr'>ἐοικότας</span> <span class='ocrx_word' id='word_1_72' title='bbox 739 919 838 957; x_wconf 78' lang='grc' dir='ltr'>ἀνθρώ-</span> 
     </span>
     <span class='ocr_line' id='line_1_13' title="bbox 67 962 837 1003; baseline 0.006 -14"><span class='ocrx_word' id='word_1_73' title='bbox 67 972 148 997; x_wconf 83' lang='grc' dir='ltr'>πους,</span> <span class='ocrx_word' id='word_1_74' title='bbox 173 962 282 1000; x_wconf 80' lang='grc' dir='ltr'>χρυσίου</span> <span class='ocrx_word' id='word_1_75' title='bbox 305 962 402 995; x_wconf 76' lang='grc' dir='ltr'>παντὸς</span> <span class='ocrx_word' id='word_1_76' title='bbox 423 963 605 1003; x_wconf 75' lang='grc' dir='ltr'>φαιδροτέρους</span> <span class='ocrx_word' id='word_1_77' title='bbox 628 964 673 992; x_wconf 81' lang='grc' dir='ltr'>καὶ</span> <span class='ocrx_word' id='word_1_78' title='bbox 695 966 837 994; x_wconf 84' lang='grc' dir='ltr'>πολυτελε-</span> 
     </span>
     <span class='ocr_line' id='line_1_14' title="bbox 67 1006 834 1047; baseline 0.005 -12"><span class='ocrx_word' id='word_1_79' title='bbox 67 1006 172 1046; x_wconf 85' lang='grc' dir='ltr'>στέρους</span> <span class='ocrx_word' id='word_1_80' title='bbox 188 1007 255 1045; x_wconf 81' lang='grc' dir='ltr'>μετὰ</span> <span class='ocrx_word' id='word_1_81' title='bbox 269 1009 368 1042; x_wconf 74' lang='grc' dir='ltr'>πολλῆς</span> <span class='ocrx_word' id='word_1_82' title='bbox 381 1009 428 1043; x_wconf 81' lang='grc' dir='ltr'>τῆς</span> <span class='ocrx_word' id='word_1_83' title='bbox 442 1009 591 1047; x_wconf 82' lang='grc' dir='ltr'>περιουσίας</span> <span class='ocrx_word' id='word_1_84' title='bbox 606 1012 623 1044; x_wconf 80' lang='grc' dir='ltr'>ἡ</span> <span class='ocrx_word' id='word_1_85' title='bbox 644 1011 695 1038; x_wconf 84' lang='grc' dir='ltr'>τῶν</span> <span class='ocrx_word' id='word_1_86' title='bbox 716 1011 834 1046; x_wconf 75' lang='grc' dir='ltr'>ἐπαλλή-</span> 
     </span>
     <span class='ocr_line' id='line_1_15' title="bbox 67 1053 835 1093; baseline 0.008 -13"><span class='ocrx_word' id='word_1_87' title='bbox 67 1053 119 1081; x_wconf 91' lang='grc' dir='ltr'>λων</span> <span class='ocrx_word' id='word_1_88' title='bbox 143 1054 298 1092; x_wconf 71' lang='grc' dir='ltr'>πειρασμῶν</span> <span class='ocrx_word' id='word_1_89' title='bbox 318 1054 455 1093; x_wconf 81' lang='grc' dir='ltr'>ἐργάζεται</span> <span class='ocrx_word' id='word_1_90' title='bbox 478 1054 595 1092; x_wconf 82' lang='grc' dir='ltr'>κάμινος.</span> <span class='ocrx_word' id='word_1_91' title='bbox 618 1055 670 1084; x_wconf 84' lang='grc' dir='ltr'>Διὰ</span> <span class='ocrx_word' id='word_1_92' title='bbox 695 1055 726 1091; x_wconf 77' lang='grc' dir='ltr'>δὴ</span> <span class='ocrx_word' id='word_1_93' title='bbox 749 1059 835 1093; x_wconf 72' lang='grc' dir='ltr'>τοῦτο,</span> 
     </span>
     <span class='ocr_line' id='line_1_16' title="bbox 67 1097 835 1138; baseline 0.007 -12"><span class='ocrx_word' id='word_1_94' title='bbox 67 1097 112 1126; x_wconf 78' lang='grc' dir='ltr'>καὶ</span> <span class='ocrx_word' id='word_1_95' title='bbox 136 1099 166 1126; x_wconf 82' lang='grc' dir='ltr'>ἐκ</span> <span class='ocrx_word' id='word_1_96' title='bbox 191 1098 312 1127; x_wconf 75' lang='grc' dir='ltr'>τοσούτου</span> <span class='ocrx_word' id='word_1_97' title='bbox 336 1099 480 1136; x_wconf 76' lang='grc' dir='ltr'>καθήμενοι</span> <span class='ocrx_word' id='word_1_98' title='bbox 507 1100 737 1138; x_wconf 62' lang='grc' dir='ltr'>διαστήματος,οὗ</span> <span class='ocrx_word' id='word_1_99' title='bbox 750 1103 835 1131; x_wconf 83' lang='grc' dir='ltr'>παυό-</span> 
     </span>
     <span class='ocr_line' id='line_1_17' title="bbox 67 1145 835 1186; baseline 0.008 -15"><span class='ocrx_word' id='word_1_100' title='bbox 67 1146 132 1181; x_wconf 86' lang='grc' dir='ltr'>μεθα</span> <span class='ocrx_word' id='word_1_101' title='bbox 155 1145 279 1179; x_wconf 81' lang='grc' dir='ltr'>διηνεκῶς</span> <span class='ocrx_word' id='word_1_102' title='bbox 300 1145 486 1184; x_wconf 81' lang='grc' dir='ltr'>μακαρίζοντες</span> <span class='ocrx_word' id='word_1_103' title='bbox 508 1148 584 1184; x_wconf 72' lang='grc' dir='ltr'>ὑμᾶς.</span> <span class='ocrx_word' id='word_1_104' title='bbox 605 1145 676 1175; x_wconf 71' lang='lat' dir='ltr'><strong>’‘Ic-rs</strong></span> <span class='ocrx_word' id='word_1_105' title='bbox 698 1147 759 1186; x_wconf 84' lang='grc' dir='ltr'>γὰρ,</span> <span class='ocrx_word' id='word_1_106' title='bbox 780 1148 835 1177; x_wconf 86' lang='grc' dir='ltr'>ἴστε</span> 
     </span>
     <span class='ocr_line' id='line_1_18' title="bbox 67 1189 836 1232; baseline 0.007 -14"><span class='ocrx_word' id='word_1_107' title='bbox 67 1191 170 1229; x_wconf 68' lang='grc' dir='ltr'>σαφῶς,</span> <span class='ocrx_word' id='word_1_108' title='bbox 186 1189 244 1219; x_wconf 72' lang='grc' dir='ltr'>ὅσον</span> <span class='ocrx_word' id='word_1_109' title='bbox 260 1192 312 1219; x_wconf 81' lang='grc' dir='ltr'>τῶν</span> <span class='ocrx_word' id='word_1_110' title='bbox 325 1190 447 1220; x_wconf 77' lang='grc' dir='ltr'>τοιούτων</span> <span class='ocrx_word' id='word_1_111' title='bbox 463 1191 608 1220; x_wconf 69' lang='grc' dir='ltr'>ε’πιὸουλῶν</span> <span class='ocrx_word' id='word_1_112' title='bbox 622 1192 652 1221; x_wconf 87' lang='grc' dir='ltr'>τὸ</span> <span class='ocrx_word' id='word_1_113' title='bbox 667 1193 772 1232; x_wconf 74' lang='grc' dir='ltr'>κέρδος,</span> <span class='ocrx_word' id='word_1_114' title='bbox 791 1195 836 1223; x_wconf 88' lang='grc' dir='ltr'>καὶ</span> 
     </span>
     <span class='ocr_line' id='line_1_19' title="bbox 66 1235 835 1276; baseline 0.007 -12"><span class='ocrx_word' id='word_1_115' title='bbox 66 1238 122 1269; x_wconf 82' lang='grc' dir='ltr'>πῶς</span> <span class='ocrx_word' id='word_1_116' title='bbox 136 1239 153 1271; x_wconf 91' lang='grc' dir='ltr'>ἡ</span> <span class='ocrx_word' id='word_1_117' title='bbox 166 1239 210 1265; x_wconf 82' lang='grc' dir='ltr'>τοῦ</span> <span class='ocrx_word' id='word_1_118' title='bbox 224 1235 351 1276; x_wconf 82' lang='grc' dir='ltr'>παρόντος</span> <span class='ocrx_word' id='word_1_119' title='bbox 372 1237 498 1276; x_wconf 76' lang='grc' dir='ltr'>εὐημερία</span> <span class='ocrx_word' id='word_1_120' title='bbox 520 1237 576 1276; x_wconf 84' lang='grc' dir='ltr'>βίου</span> <span class='ocrx_word' id='word_1_121' title='bbox 590 1238 672 1275; x_wconf 79' lang='grc' dir='ltr'>ὄνομα</span> <span class='ocrx_word' id='word_1_122' title='bbox 687 1239 765 1276; x_wconf 83' lang='grc' dir='ltr'>μόνον</span> <span class='ocrx_word' id='word_1_123' title='bbox 779 1241 835 1269; x_wconf 67' lang='grc' dir='ltr'>ἐπὶ</span> 
     </span>
     <span class='ocr_line' id='line_1_20' title="bbox 66 1281 834 1323; baseline 0.007 -14"><span class='ocrx_word' id='word_1_124' title='bbox 66 1282 156 1320; x_wconf 79' lang='grc' dir='ltr'>ψιλὸν,</span> <span class='ocrx_word' id='word_1_125' title='bbox 177 1281 332 1321; x_wconf 84' lang='grc' dir='ltr'>πράγματος</span> <span class='ocrx_word' id='word_1_126' title='bbox 354 1282 467 1321; x_wconf 83' lang='grc' dir='ltr'>ἔρημον,</span> <span class='ocrx_word' id='word_1_127' title='bbox 489 1282 524 1312; x_wconf 80' lang='grc' dir='ltr'>τὰ</span> <span class='ocrx_word' id='word_1_128' title='bbox 539 1283 566 1312; x_wconf 81' lang='grc' dir='ltr'>δὲ</span> <span class='ocrx_word' id='word_1_129' title='bbox 589 1284 718 1321; x_wconf 77' lang='grc' dir='ltr'>μέλλοντα</span> <span class='ocrx_word' id='word_1_130' title='bbox 739 1286 834 1323; x_wconf 80' lang='grc' dir='ltr'>ἀγαθὰ,</span> 
     </span>
     <span class='ocr_line' id='line_1_21' title="bbox 65 1327 836 1366; baseline 0.006 -10"><span class='ocrx_word' id='word_1_131' title='bbox 65 1327 218 1366; x_wconf 74' lang='grc' dir='ltr'>πεπηγότα,</span> <span class='ocrx_word' id='word_1_132' title='bbox 233 1327 361 1364; x_wconf 63' lang='grc' dir='ltr'>ἀκίνητα,</span> <span class='ocrx_word' id='word_1_133' title='bbox 376 1327 488 1366; x_wconf 81' lang='grc' dir='ltr'>μόνιμα,</span> <span class='ocrx_word' id='word_1_134' title='bbox 501 1328 628 1358; x_wconf 83' lang='grc' dir='ltr'>ἀθάνατα.</span> <span class='ocrx_word' id='word_1_135' title='bbox 644 1330 697 1358; x_wconf 82' lang='grc' dir='ltr'>Καὶ</span> <span class='ocrx_word' id='word_1_136' title='bbox 712 1332 741 1359; x_wconf 85' lang='grc' dir='ltr'>οὖ</span> <span class='ocrx_word' id='word_1_137' title='bbox 759 1333 836 1361; x_wconf 73' lang='grc' dir='ltr'>τοῦτο</span> 
     </span>
     <span class='ocr_line' id='line_1_22' title="bbox 66 1373 833 1414; baseline 0.005 -12"><span class='ocrx_word' id='word_1_138' title='bbox 66 1373 143 1411; x_wconf 87' lang='grc' dir='ltr'>μόνον</span> <span class='ocrx_word' id='word_1_139' title='bbox 165 1373 222 1402; x_wconf 82' lang='grc' dir='ltr'>ἐστὶ</span> <span class='ocrx_word' id='word_1_140' title='bbox 242 1373 272 1402; x_wconf 83' lang='grc' dir='ltr'>τὸ</span> <span class='ocrx_word' id='word_1_141' title='bbox 292 1375 381 1411; x_wconf 73' lang='grc' dir='ltr'>θαῦμα</span> <span class='ocrx_word' id='word_1_142' title='bbox 395 1374 442 1407; x_wconf 69' lang='grc' dir='ltr'>τῆς</span> <span class='ocrx_word' id='word_1_143' title='bbox 456 1374 564 1411; x_wconf 69' lang='grc' dir='ltr'>ἀρετῆς,</span> <span class='ocrx_word' id='word_1_144' title='bbox 585 1376 625 1402; x_wconf 80' lang='grc' dir='ltr'>ὅτι</span> <span class='ocrx_word' id='word_1_145' title='bbox 642 1377 751 1404; x_wconf 69' lang='grc' dir='ltr'>τοιαῦτα</span> <span class='ocrx_word' id='word_1_146' title='bbox 770 1378 833 1414; x_wconf 82' lang='grc' dir='ltr'>ἡμῖν</span> 
     </span>
     <span class='ocr_line' id='line_1_23' title="bbox 63 1419 833 1459; baseline 0.004 -11"><span class='ocrx_word' id='word_1_147' title='bbox 63 1419 98 1448; x_wconf 81' lang='grc' dir='ltr'>τὰ</span> <span class='ocrx_word' id='word_1_148' title='bbox 112 1419 213 1448; x_wconf 81' lang='grc' dir='ltr'>ἔπαθλα</span> <span class='ocrx_word' id='word_1_149' title='bbox 226 1419 386 1458; x_wconf 81' lang='grc' dir='ltr'>παρέχεται,</span> <span class='ocrx_word' id='word_1_150' title='bbox 403 1420 461 1447; x_wconf 82' lang='grc' dir='ltr'>ἀλλ’</span> <span class='ocrx_word' id='word_1_151' title='bbox 473 1419 514 1448; x_wconf 78' lang='grc' dir='ltr'>ὅτι</span> <span class='ocrx_word' id='word_1_152' title='bbox 527 1420 572 1448; x_wconf 84' lang='grc' dir='ltr'>καὶ</span> <span class='ocrx_word' id='word_1_153' title='bbox 585 1420 638 1459; x_wconf 78' lang='grc' dir='ltr'>πρὸ</span> <span class='ocrx_word' id='word_1_154' title='bbox 649 1423 700 1449; x_wconf 80' lang='grc' dir='ltr'>τῶν</span> <span class='ocrx_word' id='word_1_155' title='bbox 713 1422 833 1451; x_wconf 77' lang='grc' dir='ltr'>ἐπάθλων</span> 
     </span>
     <span class='ocr_line' id='line_1_24' title="bbox 63 1464 833 1505; baseline 0.004 -11"><span class='ocrx_word' id='word_1_156' title='bbox 63 1467 88 1494; x_wconf 83' lang='grc' dir='ltr'>οἱ</span> <span class='ocrx_word' id='word_1_157' title='bbox 106 1467 204 1505; x_wconf 82' lang='grc' dir='ltr'>ἀγῶνες</span> <span class='ocrx_word' id='word_1_158' title='bbox 224 1466 304 1500; x_wconf 69' lang='grc' dir='ltr'>αὐτῆς</span> <span class='ocrx_word' id='word_1_159' title='bbox 321 1464 422 1493; x_wconf 80' lang='grc' dir='ltr'>ἔπαθλα</span> <span class='ocrx_word' id='word_1_160' title='bbox 440 1464 569 1503; x_wconf 80' lang='grc' dir='ltr'>γίνονται,</span> <span class='ocrx_word' id='word_1_161' title='bbox 586 1465 631 1494; x_wconf 72' lang='grc' dir='ltr'>καὶ</span> <span class='ocrx_word' id='word_1_162' title='bbox 645 1467 673 1494; x_wconf 85' lang='grc' dir='ltr'>οὐ</span> <span class='ocrx_word' id='word_1_163' title='bbox 697 1467 774 1504; x_wconf 88' lang='grc' dir='ltr'>μόνον</span> <span class='ocrx_word' id='word_1_164' title='bbox 787 1471 833 1497; x_wconf 71' lang='grc' dir='ltr'>τοῦ</span> 
     </span>
     <span class='ocr_line' id='line_1_25' title="bbox 63 1509 833 1552; baseline 0.003 -12"><span class='ocrx_word' id='word_1_165' title='bbox 63 1510 171 1549; x_wconf 79' lang='grc' dir='ltr'>θεάτρου</span> <span class='ocrx_word' id='word_1_166' title='bbox 185 1510 304 1542; x_wconf 79' lang='grc' dir='ltr'>λυθέντος</span> <span class='ocrx_word' id='word_1_167' title='bbox 317 1509 351 1538; x_wconf 75' lang='grc' dir='ltr'>τὰ</span> <span class='ocrx_word' id='word_1_168' title='bbox 371 1510 482 1549; x_wconf 65' lang='grc' dir='ltr'>βραδεῖα</span> <span class='ocrx_word' id='word_1_169' title='bbox 499 1515 552 1544; x_wconf 81' lang='grc' dir='ltr'>τοῖς</span> <span class='ocrx_word' id='word_1_170' title='bbox 572 1512 735 1547; x_wconf 79' lang='grc' dir='ltr'>νενικηκόσιν</span> <span class='ocrx_word' id='word_1_171' title='bbox 754 1513 833 1552; x_wconf 82' lang='grc' dir='ltr'>ἔρχε-</span> 
     </span>
     <span class='ocr_line' id='line_1_26' title="bbox 61 1555 832 1598; baseline 0.004 -13"><span class='ocrx_word' id='word_1_172' title='bbox 61 1568 106 1585; x_wconf 86' lang='grc' dir='ltr'>ται</span> <span class='ocrx_word' id='word_1_173' title='bbox 118 1555 245 1595; x_wconf 69' lang='grc' dir='ltr'>φέρουσα,</span> <span class='ocrx_word' id='word_1_174' title='bbox 261 1555 328 1584; x_wconf 77' lang='grc' dir='ltr'>ἀλλὰ</span> <span class='ocrx_word' id='word_1_175' title='bbox 347 1555 392 1584; x_wconf 72' lang='grc' dir='ltr'>καὶ</span> <span class='ocrx_word' id='word_1_176' title='bbox 413 1556 439 1583; x_wconf 83' lang='grc' dir='ltr'>ἐν</span> <span class='ocrx_word' id='word_1_177' title='bbox 459 1557 530 1595; x_wconf 77' lang='grc' dir='ltr'>αὐτῷ</span> <span class='ocrx_word' id='word_1_178' title='bbox 549 1556 622 1596; x_wconf 86' lang='grc' dir='ltr'>μέσῳ</span> <span class='ocrx_word' id='word_1_179' title='bbox 641 1559 678 1596; x_wconf 85' lang='grc' dir='ltr'>τῷ</span> <span class='ocrx_word' id='word_1_180' title='bbox 692 1558 832 1598; x_wconf 73' lang='grc' dir='ltr'>σκάμματι</span> 
     </span>
     <span class='ocr_line' id='line_1_27' title="bbox 62 1600 832 1644; baseline 0.004 -14"><span class='ocrx_word' id='word_1_181' title='bbox 62 1601 197 1641; x_wconf 76' lang='grc' dir='ltr'>λαμπροὺς</span> <span class='ocrx_word' id='word_1_182' title='bbox 225 1605 279 1633; x_wconf 89' lang='grc' dir='ltr'>τοῖς</span> <span class='ocrx_word' id='word_1_183' title='bbox 303 1600 502 1639; x_wconf 78' lang='grc' dir='ltr'>ἀγωνιζομένοις</span> <span class='ocrx_word' id='word_1_184' title='bbox 532 1601 624 1630; x_wconf 81' lang='grc' dir='ltr'>πλέκει</span> <span class='ocrx_word' id='word_1_185' title='bbox 648 1602 707 1636; x_wconf 66' lang='grc' dir='ltr'>τοὺς</span> <span class='ocrx_word' id='word_1_186' title='bbox 733 1605 832 1644; x_wconf 74' lang='grc' dir='ltr'>στεφά-</span> 
     </span>
     <span class='ocr_line' id='line_1_28' title="bbox 61 1646 832 1682; baseline 0.005 -6"><span class='ocrx_word' id='word_1_187' title='bbox 61 1659 127 1680; x_wconf 89' lang='grc' dir='ltr'>νους.</span> <span class='ocrx_word' id='word_1_188' title='bbox 148 1646 200 1676; x_wconf 80' lang='grc' dir='ltr'>Διὰ</span> <span class='ocrx_word' id='word_1_189' title='bbox 222 1649 298 1675; x_wconf 77' lang='grc' dir='ltr'>τοῦτο</span> <span class='ocrx_word' id='word_1_190' title='bbox 322 1646 367 1674; x_wconf 74' lang='grc' dir='ltr'>καὶ</span> <span class='ocrx_word' id='word_1_191' title='bbox 386 1647 491 1680; x_wconf 77' lang='grc' dir='ltr'>Παῦλος</span> <span class='ocrx_word' id='word_1_192' title='bbox 513 1648 559 1676; x_wconf 82' lang='grc' dir='ltr'>οὔκ</span> <span class='ocrx_word' id='word_1_193' title='bbox 580 1647 624 1676; x_wconf 77' lang='grc' dir='ltr'>ἐπὶ</span> <span class='ocrx_word' id='word_1_194' title='bbox 648 1653 706 1682; x_wconf 87' lang='grc' dir='ltr'>ταῖς</span> <span class='ocrx_word' id='word_1_195' title='bbox 730 1651 832 1680; x_wconf 75' lang='grc' dir='ltr'>ἀντιδό-</span> 
     </span>
     <span class='ocr_line' id='line_1_29' title="bbox 61 1692 829 1733; baseline 0.003 -10"><span class='ocrx_word' id='word_1_196' title='bbox 61 1705 118 1723; x_wconf 89' lang='grc' dir='ltr'>σεσι</span> <span class='ocrx_word' id='word_1_197' title='bbox 147 1694 199 1721; x_wconf 81' lang='grc' dir='ltr'>τῶν</span> <span class='ocrx_word' id='word_1_198' title='bbox 228 1692 339 1732; x_wconf 76' lang='grc' dir='ltr'>θλίψεων</span> <span class='ocrx_word' id='word_1_199' title='bbox 366 1692 454 1731; x_wconf 83' lang='grc' dir='ltr'>χαίρει</span> <span class='ocrx_word' id='word_1_200' title='bbox 481 1692 526 1721; x_wconf 76' lang='grc' dir='ltr'>καὶ</span> <span class='ocrx_word' id='word_1_201' title='bbox 552 1693 718 1732; x_wconf 65' lang='grc' dir='ltr'>εὐφραίνεται</span> <span class='ocrx_word' id='word_1_202' title='bbox 737 1695 829 1733; x_wconf 86' lang='grc' dir='ltr'>μόνον,</span> 
     </span>
     <span class='ocr_line' id='line_1_30' title="bbox 60 1738 829 1777; baseline 0.004 -9"><span class='ocrx_word' id='word_1_203' title='bbox 60 1739 129 1768; x_wconf 81' lang='grc' dir='ltr'>ἀλλὰ</span> <span class='ocrx_word' id='word_1_204' title='bbox 154 1739 200 1768; x_wconf 86' lang='grc' dir='ltr'>καὶ</span> <span class='ocrx_word' id='word_1_205' title='bbox 224 1740 265 1767; x_wconf 77' lang='grc' dir='ltr'>ἐπ’</span> <span class='ocrx_word' id='word_1_206' title='bbox 291 1740 382 1771; x_wconf 81' lang='grc' dir='ltr'>αὐταῖς</span> <span class='ocrx_word' id='word_1_207' title='bbox 404 1742 461 1770; x_wconf 85' lang='grc' dir='ltr'>ταῖς</span> <span class='ocrx_word' id='word_1_208' title='bbox 489 1738 592 1777; x_wconf 77' lang='grc' dir='ltr'>θλίψεσι</span> <span class='ocrx_word' id='word_1_209' title='bbox 622 1741 829 1777; x_wconf 83' lang='grc' dir='ltr'>καλλωπίζεται,</span> 
     </span>
     <span class='ocr_line' id='line_1_31' title="bbox 58 1783 828 1825; baseline 0.005 -12"><span class='ocrx_word' id='word_1_210' title='bbox 58 1785 127 1813; x_wconf 78' lang='grc' dir='ltr'>οὕτω</span> <span class='ocrx_word' id='word_1_211' title='bbox 146 1785 245 1823; x_wconf 84' lang='grc' dir='ltr'>λέγων·</span> <span class='ocrx_word' id='word_1_212' title='bbox 257 1785 297 1813; x_wconf 78' lang='grc' dir='ltr'>Οὐ</span> <span class='ocrx_word' id='word_1_213' title='bbox 315 1784 392 1822; x_wconf 89' lang='grc' dir='ltr'>μόνον</span> <span class='ocrx_word' id='word_1_214' title='bbox 411 1783 448 1820; x_wconf 82' lang='grc' dir='ltr'>δὲ,</span> <span class='ocrx_word' id='word_1_215' title='bbox 468 1783 537 1813; x_wconf 80' lang='grc' dir='ltr'>ἀλλὰ</span> <span class='ocrx_word' id='word_1_216' title='bbox 557 1785 602 1813; x_wconf 80' lang='grc' dir='ltr'>καὶ</span> <span class='ocrx_word' id='word_1_217' title='bbox 622 1785 783 1825; x_wconf 81' lang='grc' dir='ltr'>καυχώμεθα</span> <span class='ocrx_word' id='word_1_218' title='bbox 801 1789 828 1817; x_wconf 79' lang='grc' dir='ltr'>ἐν</span> 
     </span>
     <span class='ocr_line' id='line_1_32' title="bbox 58 1825 827 1870; baseline 0.001 -11"><span class='ocrx_word' id='word_1_219' title='bbox 58 1834 115 1863; x_wconf 89' lang='grc' dir='ltr'>ταῖς</span> <span class='ocrx_word' id='word_1_220' title='bbox 130 1830 256 1869; x_wconf 80' lang='grc' dir='ltr'>θλίψεσιν.</span> <span class='ocrx_word' id='word_1_221' title='bbox 272 1825 340 1858; x_wconf 76' lang='grc' dir='ltr'>Εἶτα</span> <span class='ocrx_word' id='word_1_222' title='bbox 354 1829 583 1868; x_wconf 81' lang='grc' dir='ltr'>ἀπαριθμούμενος</span> <span class='ocrx_word' id='word_1_223' title='bbox 591 1831 634 1859; x_wconf 84' lang='grc' dir='ltr'>τὸν</span> <span class='ocrx_word' id='word_1_224' title='bbox 648 1833 761 1870; x_wconf 80' lang='grc' dir='ltr'>ὃρμαθὸν</span> <span class='ocrx_word' id='word_1_225' title='bbox 776 1836 827 1863; x_wconf 83' lang='grc' dir='ltr'>τῶν</span> 
     </span>
     <span class='ocr_line' id='line_1_33' title="bbox 15 1875 826 1915; baseline 0.004 -12"><span class='ocrx_word' id='word_1_226' title='bbox 15 1884 25 1892; x_wconf 88' lang='grc'><em>·</em></span> <span class='ocrx_word' id='word_1_227' title='bbox 59 1875 189 1915; x_wconf 67' lang='grc' dir='ltr'>βραδείων</span> <span class='ocrx_word' id='word_1_228' title='bbox 209 1877 257 1910; x_wconf 80' lang='grc' dir='ltr'>τῆς</span> <span class='ocrx_word' id='word_1_229' title='bbox 278 1875 406 1914; x_wconf 72' lang='grc' dir='ltr'>θλίψεως,</span> <span class='ocrx_word' id='word_1_230' title='bbox 430 1875 524 1913; x_wconf 71' lang='grc' dir='ltr'>φησὶν,</span> <span class='ocrx_word' id='word_1_231' title='bbox 540 1875 582 1904; x_wconf 75' lang='grc' dir='ltr'>ὅτι</span> <span class='ocrx_word' id='word_1_232' title='bbox 601 1877 736 1914; x_wconf 82' lang='grc' dir='ltr'>ὓπομονὴν</span> <span class='ocrx_word' id='word_1_233' title='bbox 760 1878 826 1914; x_wconf 67' lang='grc' dir='ltr'>αὕτη</span> 
     </span>
     <span class='ocr_line' id='line_1_34' title="bbox 55 1920 827 1959; baseline 0.003 -10"><span class='ocrx_word' id='word_1_234' title='bbox 55 1921 149 1956; x_wconf 80' lang='grc' dir='ltr'>τίκτει,</span> <span class='ocrx_word' id='word_1_235' title='bbox 162 1920 211 1956; x_wconf 74' lang='grc' dir='ltr'>τὴν</span> <span class='ocrx_word' id='word_1_236' title='bbox 226 1920 329 1959; x_wconf 80' lang='grc' dir='ltr'>μητέρα</span> <span class='ocrx_word' id='word_1_237' title='bbox 343 1922 395 1948; x_wconf 80' lang='grc' dir='ltr'>τῶν</span> <span class='ocrx_word' id='word_1_238' title='bbox 416 1921 534 1958; x_wconf 80' lang='grc' dir='ltr'>ἀγαθῶν,</span> <span class='ocrx_word' id='word_1_239' title='bbox 554 1920 598 1948; x_wconf 80' lang='grc' dir='ltr'>τὸν</span> <span class='ocrx_word' id='word_1_240' title='bbox 621 1921 770 1958; x_wconf 74' lang='grc' dir='ltr'>ἀκύμαντον</span> <span class='ocrx_word' id='word_1_241' title='bbox 783 1925 827 1951; x_wconf 78' lang='grc' dir='ltr'>λι-</span> 
     </span>
     <span class='ocr_line' id='line_1_35' title="bbox 57 1965 825 2006; baseline 0.004 -13"><span class='ocrx_word' id='word_1_242' title='bbox 57 1966 133 2004; x_wconf 77' lang='grc' dir='ltr'>μένα,</span> <span class='ocrx_word' id='word_1_243' title='bbox 146 1965 193 2000; x_wconf 73' lang='grc' dir='ltr'>τὴν</span> <span class='ocrx_word' id='word_1_244' title='bbox 211 1966 237 1993; x_wconf 82' lang='grc' dir='ltr'>ἐν</span> <span class='ocrx_word' id='word_1_245' title='bbox 249 1965 351 2004; x_wconf 81' lang='grc' dir='ltr'>γαλήνῃ</span> <span class='ocrx_word' id='word_1_246' title='bbox 367 1965 434 2000; x_wconf 74' lang='grc' dir='ltr'>ζωὴν</span> <span class='ocrx_word' id='word_1_247' title='bbox 443 1988 451 2001; x_wconf 89' lang='grc'>,</span> <span class='ocrx_word' id='word_1_248' title='bbox 470 1965 518 2000; x_wconf 74' lang='grc' dir='ltr'>τὴν</span> <span class='ocrx_word' id='word_1_249' title='bbox 532 1965 630 2005; x_wconf 82' lang='grc' dir='ltr'>πέτρας</span> <span class='ocrx_word' id='word_1_250' title='bbox 643 1967 767 2005; x_wconf 72' lang='grc' dir='ltr'>ἷσχυρατέ</span> <span class='ocrx_word' id='word_1_251' title='bbox 769 1980 825 2006; x_wconf 89' lang='grc' dir='ltr'>ραν,</span> 
     </span>
     <span class='ocr_line' id='line_1_36' title="bbox 56 2010 825 2050; baseline 0.001 -9"><span class='ocrx_word' id='word_1_252' title='bbox 56 2012 101 2041; x_wconf 75' lang='grc' dir='ltr'>καὶ</span> <span class='ocrx_word' id='word_1_253' title='bbox 113 2011 261 2050; x_wconf 79' lang='grc' dir='ltr'>ἀδάμαντος</span> <span class='ocrx_word' id='word_1_254' title='bbox 276 2010 461 2050; x_wconf 69' lang='grc' dir='ltr'>στερροτέραν,</span> <span class='ocrx_word' id='word_1_255' title='bbox 481 2010 529 2045; x_wconf 81' lang='grc' dir='ltr'>τὴν</span> <span class='ocrx_word' id='word_1_256' title='bbox 544 2010 625 2040; x_wconf 75' lang='grc' dir='ltr'>ὅπλου</span> <span class='ocrx_word' id='word_1_257' title='bbox 638 2012 735 2044; x_wconf 85' lang='grc' dir='ltr'>παντὸς</span> <span class='ocrx_word' id='word_1_258' title='bbox 748 2013 825 2042; x_wconf 80' lang='grc' dir='ltr'>δυνα-</span> 
     </span>
     <span class='ocr_line' id='line_1_37' title="bbox 55 2056 824 2098; baseline 0 -11"><span class='ocrx_word' id='word_1_259' title='bbox 55 2057 186 2097; x_wconf 83' lang='grc' dir='ltr'>τωτέραν,</span> <span class='ocrx_word' id='word_1_260' title='bbox 200 2056 245 2086; x_wconf 77' lang='grc' dir='ltr'>καὶ</span> <span class='ocrx_word' id='word_1_261' title='bbox 263 2059 358 2096; x_wconf 80' lang='grc' dir='ltr'>τειχῶν</span> <span class='ocrx_word' id='word_1_262' title='bbox 370 2056 576 2095; x_wconf 77' lang='grc' dir='ltr'>ἀσφαλεστέραν.</span> <span class='ocrx_word' id='word_1_263' title='bbox 590 2058 665 2092; x_wconf 67' lang='grc' dir='ltr'>Αὕτη</span> <span class='ocrx_word' id='word_1_264' title='bbox 681 2057 708 2086; x_wconf 82' lang='grc' dir='ltr'>δὲ</span> <span class='ocrx_word' id='word_1_265' title='bbox 729 2070 824 2098; x_wconf 87' lang='grc' dir='ltr'>κατορ-</span> 
     </span>
     <span class='ocr_line' id='line_1_38' title="bbox 54 2101 824 2143; baseline 0 -10"><span class='ocrx_word' id='word_1_266' title='bbox 54 2106 166 2133; x_wconf 85' lang='grc' dir='ltr'>θωθεῖσα</span> <span class='ocrx_word' id='word_1_267' title='bbox 181 2102 303 2140; x_wconf 83' lang='grc' dir='ltr'>δοκίμους</span> <span class='ocrx_word' id='word_1_268' title='bbox 316 2102 361 2131; x_wconf 79' lang='grc' dir='ltr'>καὶ</span> <span class='ocrx_word' id='word_1_269' title='bbox 374 2101 507 2139; x_wconf 87' lang='grc' dir='ltr'>γενναίους</span> <span class='ocrx_word' id='word_1_270' title='bbox 521 2106 589 2131; x_wconf 84' lang='grc' dir='ltr'>ποιεῖ</span> <span class='ocrx_word' id='word_1_271' title='bbox 603 2101 662 2135; x_wconf 78' lang='grc' dir='ltr'>τοὺς</span> <span class='ocrx_word' id='word_1_272' title='bbox 675 2105 754 2138; x_wconf 67' lang='grc' dir='ltr'>αὐτῆς</span> <span class='ocrx_word' id='word_1_273' title='bbox 764 2116 824 2143; x_wconf 82' lang='grc' dir='ltr'>τρο-</span> 
     </span>
     <span class='ocr_line' id='line_1_39' title="bbox 54 2147 822 2190; baseline 0.001 -13"><span class='ocrx_word' id='word_1_274' title='bbox 54 2149 161 2189; x_wconf 77' lang='grc' dir='ltr'>φίμους,</span> <span class='ocrx_word' id='word_1_275' title='bbox 173 2148 218 2177; x_wconf 78' lang='grc' dir='ltr'>καὶ</span> <span class='ocrx_word' id='word_1_276' title='bbox 240 2149 295 2185; x_wconf 79' lang='grc' dir='ltr'>μεθ’</span> <span class='ocrx_word' id='word_1_277' title='bbox 317 2148 463 2185; x_wconf 74' lang='grc' dir='ltr'>ὃπερὸολῆς</span> <span class='ocrx_word' id='word_1_278' title='bbox 481 2147 649 2186; x_wconf 82' lang='grc' dir='ltr'>ἀχειρώτους.</span> <span class='ocrx_word' id='word_1_279' title='bbox 664 2149 760 2177; x_wconf 81' lang='grc' dir='ltr'>Οὔδενὶ</span> <span class='ocrx_word' id='word_1_280' title='bbox 769 2149 822 2190; x_wconf 83' lang='grc' dir='ltr'>γὰρ</span> 
     </span>
     <span class='ocr_line' id='line_1_40' title="bbox 53 2192 819 2233; baseline 0.001 -11"><span class='ocrx_word' id='word_1_281' title='bbox 53 2193 146 2233; x_wconf 73' lang='grc' dir='ltr'>ἀφίησι</span> <span class='ocrx_word' id='word_1_282' title='bbox 159 2195 212 2222; x_wconf 75' lang='grc' dir='ltr'>τῶν</span> <span class='ocrx_word' id='word_1_283' title='bbox 222 2192 440 2232; x_wconf 76' lang='grc' dir='ltr'>προσπιπτόντων</span> <span class='ocrx_word' id='word_1_284' title='bbox 456 2193 542 2225; x_wconf 77' lang='grc' dir='ltr'>αὐτοῖς</span> <span class='ocrx_word' id='word_1_285' title='bbox 556 2192 721 2231; x_wconf 64' lang='grc' dir='ltr'>θορυὸεἷσθαι</span> <span class='ocrx_word' id='word_1_286' title='bbox 733 2195 819 2230; x_wconf 74' lang='grc' dir='ltr'>λυπη-</span> 
     </span>
     <span class='ocr_line' id='line_1_41' title="bbox 53 2237 820 2279; baseline 0 -11"><span class='ocrx_word' id='word_1_287' title='bbox 53 2240 114 2277; x_wconf 78' lang='grc' dir='ltr'>ρῶν,</span> <span class='ocrx_word' id='word_1_288' title='bbox 124 2238 181 2268; x_wconf 70' lang='grc' dir='ltr'>οὐδὲ</span> <span class='ocrx_word' id='word_1_289' title='bbox 189 2237 402 2271; x_wconf 76' lang='grc' dir='ltr'>ὑποσκελίζεσθαι</span> <span class='ocrx_word' id='word_1_290' title='bbox 409 2249 415 2254; x_wconf 93' lang='grc'><em>·</em></span> <span class='ocrx_word' id='word_1_291' title='bbox 425 2238 483 2266; x_wconf 81' lang='grc' dir='ltr'>ἀλλ’</span> <span class='ocrx_word' id='word_1_292' title='bbox 495 2237 585 2276; x_wconf 84' lang='grc' dir='ltr'>ὥσπερ</span> <span class='ocrx_word' id='word_1_293' title='bbox 594 2240 611 2273; x_wconf 78' lang='grc' dir='ltr'>ἦ</span> <span class='ocrx_word' id='word_1_294' title='bbox 623 2238 707 2278; x_wconf 83' lang='grc' dir='ltr'>πέτρα</span> <span class='ocrx_word' id='word_1_295' title='bbox 716 2238 820 2279; x_wconf 77' lang='grc' dir='ltr'>ὅσῳπερ</span> 
     </span>
     <span class='ocr_line' id='line_1_42' title="bbox 51 2283 820 2322; baseline 0.003 -10"><span class='ocrx_word' id='word_1_296' title='bbox 51 2284 83 2312; x_wconf 80' lang='grc' dir='ltr'>ἂν</span> <span class='ocrx_word' id='word_1_297' title='bbox 103 2285 154 2314; x_wconf 79' lang='grc' dir='ltr'>ὑπὸ</span> <span class='ocrx_word' id='word_1_298' title='bbox 175 2284 301 2313; x_wconf 89' lang='grc' dir='ltr'>πλειόνων</span> <span class='ocrx_word' id='word_1_299' title='bbox 323 2284 435 2318; x_wconf 82' lang='grc' dir='ltr'>παίηται</span> <span class='ocrx_word' id='word_1_300' title='bbox 459 2283 598 2322; x_wconf 79' lang='grc' dir='ltr'>κυμάτων,</span> <span class='ocrx_word' id='word_1_301' title='bbox 619 2284 686 2319; x_wconf 74' lang='grc' dir='ltr'>αὕτη</span> <span class='ocrx_word' id='word_1_302' title='bbox 709 2285 756 2322; x_wconf 80' lang='grc' dir='ltr'>μὲν</span> <span class='ocrx_word' id='word_1_303' title='bbox 778 2287 820 2314; x_wconf 80' lang='grc' dir='ltr'>ἐκ·</span> 
     </span>
     <span class='ocr_line' id='line_1_43' title="bbox 52 2328 819 2368; baseline 0.003 -10"><span class='ocrx_word' id='word_1_304' title='bbox 52 2329 205 2368; x_wconf 83' lang='grc' dir='ltr'>καθαίρεται</span> <span class='ocrx_word' id='word_1_305' title='bbox 219 2329 358 2366; x_wconf 83' lang='grc' dir='ltr'>μειζόνως,</span> <span class='ocrx_word' id='word_1_306' title='bbox 373 2328 431 2358; x_wconf 79' lang='grc' dir='ltr'>οὐδὲ</span> <span class='ocrx_word' id='word_1_307' title='bbox 448 2329 541 2367; x_wconf 84' lang='grc' dir='ltr'>μικρὸν</span> <span class='ocrx_word' id='word_1_308' title='bbox 557 2329 712 2367; x_wconf 81' lang='grc' dir='ltr'>κινουμένη,</span> <span class='ocrx_word' id='word_1_309' title='bbox 726 2332 778 2359; x_wconf 85' lang='grc' dir='ltr'>τῶν</span> <span class='ocrx_word' id='word_1_310' title='bbox 792 2331 819 2360; x_wconf 78' lang='grc' dir='ltr'>δὲ</span> 
     </span>
     <span class='ocr_line' id='line_1_44' title="bbox 51 2373 819 2415; baseline 0.003 -13"><span class='ocrx_word' id='word_1_311' title='bbox 51 2375 286 2414; x_wconf 83' lang='grc' dir='ltr'>προσρηγνυμένων</span> <span class='ocrx_word' id='word_1_312' title='bbox 308 2375 374 2412; x_wconf 73' lang='grc' dir='ltr'>αὐτῇ</span> <span class='ocrx_word' id='word_1_313' title='bbox 393 2373 437 2403; x_wconf 80' lang='grc' dir='ltr'>τὸν</span> <span class='ocrx_word' id='word_1_314' title='bbox 457 2374 533 2412; x_wconf 83' lang='grc' dir='ltr'>ὄγκον</span> <span class='ocrx_word' id='word_1_315' title='bbox 553 2374 655 2403; x_wconf 79' lang='grc' dir='ltr'>ὑδάτων</span> <span class='ocrx_word' id='word_1_316' title='bbox 677 2376 819 2415; x_wconf 62' lang='grc' dir='ltr'>διαφθείρει</span> 
     </span>
     <span class='ocr_line' id='line_1_45' title="bbox 52 2419 815 2459; baseline 0.004 -12"><span class='ocrx_word' id='word_1_317' title='bbox 52 2419 155 2459; x_wconf 72' lang='grc' dir='ltr'>ῥαδίως,</span> <span class='ocrx_word' id='word_1_318' title='bbox 168 2421 196 2448; x_wconf 79' lang='grc' dir='ltr'>οὗ</span> <span class='ocrx_word' id='word_1_319' title='bbox 210 2422 248 2459; x_wconf 82' lang='grc' dir='ltr'>τῷ</span> <span class='ocrx_word' id='word_1_320' title='bbox 263 2419 358 2454; x_wconf 86' lang='grc' dir='ltr'>παίειν,</span> <span class='ocrx_word' id='word_1_321' title='bbox 371 2419 439 2448; x_wconf 78' lang='grc' dir='ltr'>ἀλλὰ</span> <span class='ocrx_word' id='word_1_322' title='bbox 451 2422 489 2458; x_wconf 82' lang='grc' dir='ltr'>τῷ</span> <span class='ocrx_word' id='word_1_323' title='bbox 503 2419 627 2448; x_wconf 85' lang='grc' dir='ltr'>παίεσθαι</span> <span class='ocrx_word' id='word_1_324' title='bbox 644 2420 815 2459; x_wconf 61' lang='grc' dir='ltr'>ἀφανίζουσα·</span> 
     </span>
     <span class='ocr_line' id='line_1_46' title="bbox 51 2465 816 2504; baseline 0.003 -10"><span class='ocrx_word' id='word_1_325' title='bbox 51 2465 117 2494; x_wconf 79' lang='grc' dir='ltr'>οὕτω</span> <span class='ocrx_word' id='word_1_326' title='bbox 131 2465 162 2501; x_wconf 83' lang='grc' dir='ltr'>δὴ</span> <span class='ocrx_word' id='word_1_327' title='bbox 177 2465 221 2494; x_wconf 77' lang='grc' dir='ltr'>καὶ</span> <span class='ocrx_word' id='word_1_328' title='bbox 234 2468 248 2494; x_wconf 84' lang='grc' dir='ltr'>ὁ</span> <span class='ocrx_word' id='word_1_329' title='bbox 261 2465 367 2503; x_wconf 80' lang='grc' dir='ltr'>δόκιμος</span> <span class='ocrx_word' id='word_1_330' title='bbox 384 2465 410 2499; x_wconf 77' lang='grc' dir='ltr'>ἐξ</span> <span class='ocrx_word' id='word_1_331' title='bbox 425 2467 556 2503; x_wconf 77' lang='grc' dir='ltr'>ὑπομονῆς</span> <span class='ocrx_word' id='word_1_332' title='bbox 570 2466 714 2504; x_wconf 79' lang='grc' dir='ltr'>γενόμενος,</span> <span class='ocrx_word' id='word_1_333' title='bbox 729 2466 816 2501; x_wconf 80' lang='grc' dir='ltr'>πάσης</span> 
     </span>
    </p>
   </div>
   <div class='ocr_carea' id='block_1_5' title="bbox 84 2549 774 2586">
    <p class='ocr_par' dir='ltr' id='par_1_5' title="bbox 84 2549 774 2586">
     <span class='ocr_line' id='line_1_47' title="bbox 84 2549 774 2586; baseline 0.004 -13"><span class='ocrx_word' id='word_1_334' title='bbox 84 2558 94 2569; x_wconf 69' lang='lat'><strong>³</strong></span> <span class='ocrx_word' id='word_1_335' title='bbox 112 2551 209 2582; x_wconf 69' lang='lat' dir='ltr'><strong>Legisse</strong></span> <span class='ocrx_word' id='word_1_336' title='bbox 222 2549 319 2575; x_wconf 67' lang='lat' dir='ltr'><strong>videtur</strong></span> <span class='ocrx_word' id='word_1_337' title='bbox 331 2552 458 2584; x_wconf 76' lang='lat' dir='ltr'><strong>Interprcs</strong></span> <span class='ocrx_word' id='word_1_338' title='bbox 471 2555 523 2585; x_wconf 52' lang='grc' dir='ltr'>πρὸς</span> <span class='ocrx_word' id='word_1_339' title='bbox 537 2554 627 2586; x_wconf 51' lang='grc' dir='ltr'>οὐρα-«ὀ».</span> <span class='ocrx_word' id='word_1_340' title='bbox 643 2556 774 2584; x_wconf 58' lang='lat' dir='ltr'><strong>iad-souma.</strong></span> 
     </span>
    </p>
   </div>
   <div class='ocr_carea' id='block_1_6' title="bbox 1542 173 1608 218">
    <p class='ocr_par' dir='ltr' id='par_1_6' title="bbox 1542 173 1608 218">
     <span class='ocr_line' id='line_1_48' title="bbox 1542 173 1608 218; baseline 0.045 -12"><span class='ocrx_word' id='word_1_341' title='bbox 1542 173 1608 218; x_wconf 74' lang='lat'>785</span> 
     </span>
    </p>
   </div>
   <div class='ocr_carea' id='block_1_7' title="bbox 889 239 1610 467">
    <p class='ocr_par' dir='ltr' id='par_1_7' title="bbox 889 239 1610 467">
     <span class='ocr_line' id='line_1_49' title="bbox 889 239 1609 282; baseline 0.01 -14"><span class='ocrx_word' id='word_1_342' title='bbox 889 239 1010 278; x_wconf 84' lang='lat' dir='ltr'>jusmodi</span> <span class='ocrx_word' id='word_1_343' title='bbox 1023 241 1082 270; x_wconf 89' lang='lat' dir='ltr'><strong>telis</strong></span> <span class='ocrx_word' id='word_1_344' title='bbox 1093 242 1255 281; x_wconf 85' lang='lat' dir='ltr'><strong>superiorem</strong></span> <span class='ocrx_word' id='word_1_345' title='bbox 1271 248 1295 271; x_wconf 88' lang='lat' dir='ltr'>te</span> <span class='ocrx_word' id='word_1_346' title='bbox 1306 243 1434 282; x_wconf 68' lang='lat' dir='ltr'><strong>pra-beas.</strong></span> <span class='ocrx_word' id='word_1_347' title='bbox 1448 244 1520 274; x_wconf 86' lang='lat' dir='ltr'><strong>Licet</strong></span> <span class='ocrx_word' id='word_1_348' title='bbox 1529 247 1609 281; x_wconf 85' lang='lat' dir='ltr'><strong>cuim,</strong></span> 
     </span>
     <span class='ocr_line' id='line_1_50' title="bbox 893 285 1610 329; baseline 0.008 -16"><span class='ocrx_word' id='word_1_349' title='bbox 893 285 914 313; x_wconf 83' lang='lat' dir='ltr'>si</span> <span class='ocrx_word' id='word_1_350' title='bbox 930 285 1009 315; x_wconf 91' lang='lat' dir='ltr'><strong>modo</strong></span> <span class='ocrx_word' id='word_1_351' title='bbox 1023 287 1100 323; x_wconf 78' lang='lat' dir='ltr'><strong>velis,</strong></span> <span class='ocrx_word' id='word_1_352' title='bbox 1117 288 1202 326; x_wconf 86' lang='lat' dir='ltr'><strong>ipsam</strong></span> <span class='ocrx_word' id='word_1_353' title='bbox 1214 298 1319 327; x_wconf 87' lang='lat' dir='ltr'><strong>quoque</strong></span> <span class='ocrx_word' id='word_1_354' title='bbox 1331 289 1392 317; x_wconf 62' lang='lat' dir='ltr'><strong>vitre</strong></span> <span class='ocrx_word' id='word_1_355' title='bbox 1408 300 1533 329; x_wconf 85' lang='lat' dir='ltr'><strong>pompam</strong></span> <span class='ocrx_word' id='word_1_356' title='bbox 1544 302 1610 320; x_wconf 67' lang='lat' dir='ltr'><strong>con—</strong></span> 
     </span>
     <span class='ocr_line' id='line_1_51' title="bbox 894 334 1609 374; baseline 0.01 -16"><span class='ocrx_word' id='word_1_357' title='bbox 894 337 1009 360; x_wconf 76' lang='lat' dir='ltr'><strong>temnere</strong></span> <span class='ocrx_word' id='word_1_358' title='bbox 1023 343 1053 361; x_wconf 87' lang='lat' dir='ltr'>ac</span> <span class='ocrx_word' id='word_1_359' title='bbox 1074 334 1238 372; x_wconf 76' lang='lat' dir='ltr'>proculcare.</span> <span class='ocrx_word' id='word_1_360' title='bbox 1258 335 1351 363; x_wconf 76' lang='lat' dir='ltr'><strong>L&#39;num</strong></span> <span class='ocrx_word' id='word_1_361' title='bbox 1375 334 1401 362; x_wconf 89' lang='lat' dir='ltr'>id</span> <span class='ocrx_word' id='word_1_362' title='bbox 1420 343 1519 374; x_wconf 79' lang='lat' dir='ltr'><strong>specta,</strong></span> <span class='ocrx_word' id='word_1_363' title='bbox 1544 347 1609 374; x_wconf 86' lang='lat' dir='ltr'><strong>quo-</strong></span> 
     </span>
     <span class='ocr_line' id='line_1_52' title="bbox 893 379 1609 420; baseline 0.008 -15"><span class='ocrx_word' id='word_1_364' title='bbox 893 387 953 405; x_wconf 92' lang='lat' dir='ltr'>nam</span> <span class='ocrx_word' id='word_1_365' title='bbox 966 385 1044 417; x_wconf 88' lang='lat' dir='ltr'><strong>pacto</strong></span> <span class='ocrx_word' id='word_1_366' title='bbox 1059 389 1156 417; x_wconf 83' lang='lat' dir='ltr'><strong>magno</strong></span> <span class='ocrx_word' id='word_1_367' title='bbox 1167 390 1227 408; x_wconf 92' lang='lat' dir='ltr'>cum</span> <span class='ocrx_word' id='word_1_368' title='bbox 1242 379 1332 408; x_wconf 84' lang='lat' dir='ltr'><strong>studio</strong></span> <span class='ocrx_word' id='word_1_369' title='bbox 1344 390 1375 409; x_wconf 91' lang='lat' dir='ltr'>ac</span> <span class='ocrx_word' id='word_1_370' title='bbox 1386 380 1524 420; x_wconf 75' lang='lat' dir='ltr'>diligentia</span> <span class='ocrx_word' id='word_1_371' title='bbox 1536 382 1609 411; x_wconf 88' lang='lat' dir='ltr'><strong>viam</strong></span> 
     </span>
     <span class='ocr_line' id='line_1_53' title="bbox 891 424 1605 467; baseline 0.01 -17"><span class='ocrx_word' id='word_1_372' title='bbox 891 429 1002 460; x_wconf 84' lang='lat' dir='ltr'><strong>arctam,</strong></span> <span class='ocrx_word' id='word_1_373' title='bbox 1027 435 1086 463; x_wconf 82' lang='lat' dir='ltr'>quae</span> <span class='ocrx_word' id='word_1_374' title='bbox 1100 424 1135 454; x_wconf 89' lang='lat' dir='ltr'>ad</span> <span class='ocrx_word' id='word_1_375' title='bbox 1158 426 1253 454; x_wconf 79' lang='lat' dir='ltr'><strong>caelum</strong></span> <span class='ocrx_word' id='word_1_376' title='bbox 1268 426 1352 465; x_wconf 67' lang='lat' dir='ltr'><strong>vehit,</strong></span> <span class='ocrx_word' id='word_1_377' title='bbox 1369 427 1498 457; x_wconf 83' lang='lat' dir='ltr'><strong>conficere</strong></span> <span class='ocrx_word' id='word_1_378' title='bbox 1514 439 1605 467; x_wconf 81' lang='lat' dir='ltr'><strong>queas.</strong></span> 
     </span>
    </p>
   </div>
   <div class='ocr_carea' id='block_1_8' title="bbox 893 512 1608 598">
    <p class='ocr_par' dir='ltr' id='par_1_8' title="bbox 893 512 1608 598">
     <span class='ocr_line' id='line_1_54' title="bbox 893 512 1608 554; baseline 0.011 -15"><span class='ocrx_word' id='word_1_379' title='bbox 893 512 986 540; x_wconf 83' lang='lat' dir='ltr'><em>CVII.</em></span> <span class='ocrx_word' id='word_1_380' title='bbox 1013 513 1111 547; x_wconf 78' lang='lat' dir='ltr'><strong>Casto,</strong></span> <span class='ocrx_word' id='word_1_381' title='bbox 1143 514 1270 549; x_wconf 82' lang='lat' dir='ltr'><strong>Valerio,</strong></span> <span class='ocrx_word' id='word_1_382' title='bbox 1294 516 1476 552; x_wconf 79' lang='lat' dir='ltr'><strong>Diophanto,</strong></span> <span class='ocrx_word' id='word_1_383' title='bbox 1503 524 1529 546; x_wconf 80' lang='lat' dir='ltr'>et</span> <span class='ocrx_word' id='word_1_384' title='bbox 1551 519 1608 554; x_wconf 75' lang='lat' dir='ltr'>Cy-</span> 
     </span>
     <span class='ocr_line' id='line_1_55' title="bbox 1102 561 1394 598; baseline 0.014 -12"><span class='ocrx_word' id='word_1_385' title='bbox 1102 561 1194 594; x_wconf 75' lang='lat' dir='ltr'><strong>riam,</strong></span> <span class='ocrx_word' id='word_1_386' title='bbox 1207 562 1394 598; x_wconf 77' lang='lat' dir='ltr'><strong>presbyteris.</strong></span> 
     </span>
    </p>
   </div>
   <div class='ocr_carea' id='block_1_9' title="bbox 856 652 874 675">
    <p class='ocr_par' dir='ltr' id='par_1_9' title="bbox 856 652 874 675">
     <span class='ocr_line' id='line_1_56' title="bbox 856 652 874 675; baseline 0 0"><span class='ocrx_word' id='word_1_387' title='bbox 856 652 874 675; x_wconf 82' lang='lat' dir='ltr'>E</span> 
     </span>
    </p>
   </div>
   <div class='ocr_carea' id='block_1_10' title="bbox 847 733 1612 1777">
    <p class='ocr_par' dir='ltr' id='par_1_10' title="bbox 847 733 1612 1777">
     <span class='ocr_line' id='line_1_57' title="bbox 890 733 1610 776; baseline 0.01 -15"><span class='ocrx_word' id='word_1_388' title='bbox 890 733 964 762; x_wconf 83' lang='lat' dir='ltr'><strong>solet.</strong></span> <span class='ocrx_word' id='word_1_389' title='bbox 987 735 1025 763; x_wconf 74' lang='lat' dir='ltr'>tt</span> <span class='ocrx_word' id='word_1_390' title='bbox 1039 735 1110 763; x_wconf 84' lang='lat' dir='ltr'><strong>enim</strong></span> <span class='ocrx_word' id='word_1_391' title='bbox 1131 735 1245 764; x_wconf 80' lang='lat' dir='ltr'><strong>ssammae</strong></span> <span class='ocrx_word' id='word_1_392' title='bbox 1262 744 1355 765; x_wconf 87' lang='lat' dir='ltr'><strong>natura</strong></span> <span class='ocrx_word' id='word_1_393' title='bbox 1370 739 1510 767; x_wconf 76' lang='lat' dir='ltr'><strong>materiam</strong></span> <span class='ocrx_word' id='word_1_394' title='bbox 1526 739 1610 776; x_wconf 86' lang='lat' dir='ltr'><strong>illam,</strong></span> 
     </span>
     <span class='ocr_line' id='line_1_58' title="bbox 889 780 1612 821; baseline 0.01 -14"><span class='ocrx_word' id='word_1_395' title='bbox 889 790 951 808; x_wconf 88' lang='lat' dir='ltr'>cnm</span> <span class='ocrx_word' id='word_1_396' title='bbox 966 780 1096 818; x_wconf 87' lang='lat' dir='ltr'><strong>quamdiu</strong></span> <span class='ocrx_word' id='word_1_397' title='bbox 1112 781 1176 810; x_wconf 87' lang='lat' dir='ltr'><strong>artis</strong></span> <span class='ocrx_word' id='word_1_398' title='bbox 1191 782 1233 810; x_wconf 83' lang='lat' dir='ltr'>lex</span> <span class='ocrx_word' id='word_1_399' title='bbox 1250 783 1384 821; x_wconf 87' lang='lat' dir='ltr'><strong>permittit</strong></span> <span class='ocrx_word' id='word_1_400' title='bbox 1401 794 1461 812; x_wconf 87' lang='lat' dir='ltr'>cum</span> <span class='ocrx_word' id='word_1_401' title='bbox 1479 795 1508 813; x_wconf 85' lang='lat' dir='ltr'>ea</span> <span class='ocrx_word' id='word_1_402' title='bbox 1522 796 1612 814; x_wconf 76' lang='lat' dir='ltr'><strong>versa-</strong></span> 
     </span>
     <span class='ocr_line' id='line_1_59' title="bbox 889 826 1609 868; baseline 0.01 -15"><span class='ocrx_word' id='word_1_403' title='bbox 889 832 944 861; x_wconf 88' lang='lat' dir='ltr'><strong>tur,</strong></span> <span class='ocrx_word' id='word_1_404' title='bbox 967 826 1045 864; x_wconf 80' lang='lat' dir='ltr'><strong>longe</strong></span> <span class='ocrx_word' id='word_1_405' title='bbox 1064 827 1279 866; x_wconf 85' lang='lat' dir='ltr'><strong>splendidiorem</strong></span> <span class='ocrx_word' id='word_1_406' title='bbox 1295 839 1326 857; x_wconf 88' lang='lat' dir='ltr'>ac</span> <span class='ocrx_word' id='word_1_407' title='bbox 1346 829 1482 868; x_wconf 87' lang='lat' dir='ltr'><strong>puriorem</strong></span> <span class='ocrx_word' id='word_1_408' title='bbox 1499 830 1587 860; x_wconf 79' lang='lat' dir='ltr'><strong>reddit</strong></span> <span class='ocrx_word' id='word_1_409' title='bbox 1603 844 1609 859; x_wconf 72' lang='grc' dir='ltr'>ε</span> 
     </span>
     <span class='ocr_line' id='line_1_60' title="bbox 888 871 1607 911; baseline 0.01 -12"><span class='ocrx_word' id='word_1_410' title='bbox 888 871 980 900; x_wconf 75' lang='lat' dir='ltr'><strong>eodem</strong></span> <span class='ocrx_word' id='word_1_411' title='bbox 1004 871 1085 901; x_wconf 91' lang='lat' dir='ltr'><strong>modo</strong></span> <span class='ocrx_word' id='word_1_412' title='bbox 1108 873 1287 911; x_wconf 78' lang='lat' dir='ltr'><strong>frequentium</strong></span> <span class='ocrx_word' id='word_1_413' title='bbox 1313 875 1489 904; x_wconf 78' lang='lat' dir='ltr'><strong>tentationum</strong></span> <span class='ocrx_word' id='word_1_414' title='bbox 1512 876 1607 906; x_wconf 79' lang='lat' dir='ltr'><strong>fornax</strong></span> 
     </span>
     <span class='ocr_line' id='line_1_61' title="bbox 886 916 1606 956; baseline 0.01 -11"><span class='ocrx_word' id='word_1_415' title='bbox 886 916 1008 946; x_wconf 87' lang='lat' dir='ltr'><strong>homines</strong></span> <span class='ocrx_word' id='word_1_416' title='bbox 1032 928 1087 955; x_wconf 90' lang='lat' dir='ltr'><strong>cos,</strong></span> <span class='ocrx_word' id='word_1_417' title='bbox 1111 918 1157 956; x_wconf 88' lang='lat' dir='ltr'>qui</span> <span class='ocrx_word' id='word_1_418' title='bbox 1178 926 1266 947; x_wconf 89' lang='lat' dir='ltr'><strong>mente</strong></span> <span class='ocrx_word' id='word_1_419' title='bbox 1279 919 1313 948; x_wconf 85' lang='lat' dir='ltr'>ad</span> <span class='ocrx_word' id='word_1_420' title='bbox 1327 921 1386 949; x_wconf 85' lang='lat' dir='ltr'><strong>auri</strong></span> <span class='ocrx_word' id='word_1_421' title='bbox 1401 922 1606 952; x_wconf 88' lang='lat' dir='ltr'><strong>similitudinem</strong></span> 
     </span>
     <span class='ocr_line' id='line_1_62' title="bbox 887 962 1606 1007; baseline 0.01 -17"><span class='ocrx_word' id='word_1_422' title='bbox 887 962 1028 1000; x_wconf 86' lang='lat' dir='ltr'><strong>accedunt,</strong></span> <span class='ocrx_word' id='word_1_423' title='bbox 1053 973 1119 992; x_wconf 89' lang='lat' dir='ltr'><strong>auro</strong></span> <span class='ocrx_word' id='word_1_424' title='bbox 1142 964 1239 1001; x_wconf 68' lang='lat' dir='ltr'><strong>quovis</strong></span> <span class='ocrx_word' id='word_1_425' title='bbox 1264 965 1457 1004; x_wconf 80' lang='lat' dir='ltr'><strong>splendidiores</strong></span> <span class='ocrx_word' id='word_1_426' title='bbox 1473 978 1504 996; x_wconf 87' lang='lat' dir='ltr'>ac</span> <span class='ocrx_word' id='word_1_427' title='bbox 1527 968 1606 1007; x_wconf 83' lang='lat' dir='ltr'><strong>longe</strong></span> 
     </span>
     <span class='ocr_line' id='line_1_63' title="bbox 856 1008 1603 1052; baseline 0.009 -16"><span class='ocrx_word' id='word_1_428' title='bbox 856 1041 878 1052; x_wconf 67' lang='lat'>.‚</span> <span class='ocrx_word' id='word_1_429' title='bbox 886 1008 1081 1047; x_wconf 59' lang='lat' dir='ltr'><strong>praestantiores</strong></span> <span class='ocrx_word' id='word_1_430' title='bbox 1094 1009 1186 1038; x_wconf 85' lang='lat' dir='ltr'><strong>efficit.</strong></span> <span class='ocrx_word' id='word_1_431' title='bbox 1201 1009 1244 1038; x_wconf 89' lang='lat' dir='ltr'>Oh</span> <span class='ocrx_word' id='word_1_432' title='bbox 1260 1021 1371 1049; x_wconf 87' lang='lat' dir='ltr'><strong>eamque</strong></span> <span class='ocrx_word' id='word_1_433' title='bbox 1385 1022 1603 1052; x_wconf 84' lang='lat' dir='ltr'><strong>causam,quam-</strong></span> 
     </span>
     <span class='ocr_line' id='line_1_64' title="bbox 852 1047 1602 1095; baseline 0.011 -14"><span class='ocrx_word' id='word_1_434' title='bbox 852 1047 878 1090; x_wconf 54' lang='grc' dir='ltr'>,ζ’</span> <span class='ocrx_word' id='word_1_435' title='bbox 887 1053 928 1082; x_wconf 77' lang='lat' dir='ltr'>vis</span> <span class='ocrx_word' id='word_1_436' title='bbox 942 1060 996 1082; x_wconf 89' lang='lat' dir='ltr'>tam</span> <span class='ocrx_word' id='word_1_437' title='bbox 1007 1054 1086 1093; x_wconf 80' lang='lat' dir='ltr'><strong>longe</strong></span> <span class='ocrx_word' id='word_1_438' title='bbox 1100 1065 1115 1083; x_wconf 89' lang='lat' dir='ltr'>a</span> <span class='ocrx_word' id='word_1_439' title='bbox 1129 1055 1208 1083; x_wconf 76' lang='lat' dir='ltr'><strong>vobis</strong></span> <span class='ocrx_word' id='word_1_440' title='bbox 1220 1056 1333 1095; x_wconf 86' lang='lat' dir='ltr'><strong>sejuncti</strong></span> <span class='ocrx_word' id='word_1_441' title='bbox 1345 1057 1440 1093; x_wconf 81' lang='lat' dir='ltr'><strong>simus,</strong></span> <span class='ocrx_word' id='word_1_442' title='bbox 1456 1069 1504 1088; x_wconf 73' lang='lat' dir='ltr'><strong>vos</strong></span> <span class='ocrx_word' id='word_1_443' title='bbox 1515 1067 1602 1089; x_wconf 81' lang='lat' dir='ltr'><strong>tamen</strong></span> 
     </span>
     <span class='ocr_line' id='line_1_65' title="bbox 885 1099 1603 1139; baseline 0.008 -11"><span class='ocrx_word' id='word_1_444' title='bbox 885 1099 976 1128; x_wconf 86' lang='lat' dir='ltr'><strong>beatos</strong></span> <span class='ocrx_word' id='word_1_445' title='bbox 999 1099 1144 1139; x_wconf 75' lang='lat' dir='ltr'><strong>proedicare</strong></span> <span class='ocrx_word' id='word_1_446' title='bbox 1164 1110 1311 1139; x_wconf 85' lang='lat' dir='ltr'><strong>numquam</strong></span> <span class='ocrx_word' id='word_1_447' title='bbox 1335 1102 1490 1133; x_wconf 83' lang='lat' dir='ltr'><strong>desinimus.</strong></span> <span class='ocrx_word' id='word_1_448' title='bbox 1522 1106 1603 1134; x_wconf 87' lang='lat' dir='ltr'><strong>Scitis</strong></span> 
     </span>
     <span class='ocr_line' id='line_1_66' title="bbox 885 1145 1600 1187; baseline 0.01 -15"><span class='ocrx_word' id='word_1_449' title='bbox 885 1145 967 1180; x_wconf 88' lang='lat' dir='ltr'><strong>enim,</strong></span> <span class='ocrx_word' id='word_1_450' title='bbox 981 1145 1065 1181; x_wconf 79' lang='lat' dir='ltr'><strong>scitis,</strong></span> <span class='ocrx_word' id='word_1_451' title='bbox 1083 1145 1205 1184; x_wconf 87' lang='lat' dir='ltr'><strong>inquam,</strong></span> <span class='ocrx_word' id='word_1_452' title='bbox 1223 1147 1374 1186; x_wconf 76' lang='lat' dir='ltr'><strong>perspicue,</strong></span> <span class='ocrx_word' id='word_1_453' title='bbox 1396 1157 1526 1187; x_wconf 89' lang='lat' dir='ltr'><strong>quantum</strong></span> <span class='ocrx_word' id='word_1_454' title='bbox 1545 1150 1600 1179; x_wconf 85' lang='lat' dir='ltr'>hu—</span> 
     </span>
     <span class='ocr_line' id='line_1_67' title="bbox 883 1189 1600 1234; baseline 0.01 -16"><span class='ocrx_word' id='word_1_455' title='bbox 883 1190 1003 1229; x_wconf 84' lang='lat' dir='ltr'><strong>jusmodi</strong></span> <span class='ocrx_word' id='word_1_456' title='bbox 1012 1189 1172 1219; x_wconf 82' lang='lat' dir='ltr'><strong>insidiarum</strong></span> <span class='ocrx_word' id='word_1_457' title='bbox 1182 1191 1288 1220; x_wconf 80' lang='lat' dir='ltr'><strong>lucrum</strong></span> <span class='ocrx_word' id='word_1_458' title='bbox 1299 1192 1343 1229; x_wconf 88' lang='lat' dir='ltr'><strong>sit,</strong></span> <span class='ocrx_word' id='word_1_459' title='bbox 1358 1200 1437 1232; x_wconf 86' lang='lat' dir='ltr'><strong>atque</strong></span> <span class='ocrx_word' id='word_1_460' title='bbox 1444 1195 1525 1234; x_wconf 79' lang='lat' dir='ltr'><strong>liujus</strong></span> <span class='ocrx_word' id='word_1_461' title='bbox 1537 1196 1600 1225; x_wconf 78' lang='lat' dir='ltr'><strong>vitae</strong></span> 
     </span>
     <span class='ocr_line' id='line_1_68' title="bbox 884 1236 1601 1275; baseline 0.011 -12"><span class='ocrx_word' id='word_1_462' title='bbox 884 1236 1091 1275; x_wconf 80' lang='lat' dir='ltr'><strong>prosperitatem</strong></span> <span class='ocrx_word' id='word_1_463' title='bbox 1099 1236 1202 1265; x_wconf 89' lang='lat' dir='ltr'><strong>nudum</strong></span> <span class='ocrx_word' id='word_1_464' title='bbox 1213 1236 1355 1266; x_wconf 82' lang='lat' dir='ltr'><strong>dumtaxat</strong></span> <span class='ocrx_word' id='word_1_465' title='bbox 1361 1246 1386 1267; x_wconf 88' lang='lat' dir='ltr'>et</span> <span class='ocrx_word' id='word_1_466' title='bbox 1397 1240 1474 1269; x_wconf 90' lang='lat' dir='ltr'><strong>inane</strong></span> <span class='ocrx_word' id='word_1_467' title='bbox 1480 1242 1601 1271; x_wconf 75' lang='lat' dir='ltr'><strong>vocabu-</strong></span> 
     </span>
     <span class='ocr_line' id='line_1_69' title="bbox 885 1281 1600 1326; baseline 0.01 -16"><span class='ocrx_word' id='word_1_468' title='bbox 885 1281 942 1310; x_wconf 92' lang='lat' dir='ltr'>lum</span> <span class='ocrx_word' id='word_1_469' title='bbox 951 1292 982 1310; x_wconf 86' lang='lat' dir='ltr'>ac</span> <span class='ocrx_word' id='word_1_470' title='bbox 992 1293 1020 1311; x_wconf 86' lang='lat' dir='ltr'>re</span> <span class='ocrx_word' id='word_1_471' title='bbox 1029 1293 1145 1311; x_wconf 79' lang='lat' dir='ltr'><strong>vacuum</strong></span> <span class='ocrx_word' id='word_1_472' title='bbox 1153 1293 1219 1320; x_wconf 82' lang='lat' dir='ltr'><strong>esse,</strong></span> <span class='ocrx_word' id='word_1_473' title='bbox 1229 1284 1318 1312; x_wconf 86' lang='lat' dir='ltr'><strong>sutura</strong></span> <span class='ocrx_word' id='word_1_474' title='bbox 1327 1292 1416 1314; x_wconf 90' lang='lat' dir='ltr'><strong>autem</strong></span> <span class='ocrx_word' id='word_1_475' title='bbox 1424 1286 1502 1325; x_wconf 80' lang='lat' dir='ltr'><strong>bona,</strong></span> <span class='ocrx_word' id='word_1_476' title='bbox 1513 1288 1600 1326; x_wconf 81' lang='lat' dir='ltr'><strong>firma,</strong></span> 
     </span>
     <span class='ocr_line' id='line_1_70' title="bbox 886 1327 1599 1364; baseline 0.01 -9"><span class='ocrx_word' id='word_1_477' title='bbox 886 1327 1005 1364; x_wconf 84' lang='lat' dir='ltr'><strong>stabilia,</strong></span> <span class='ocrx_word' id='word_1_478' title='bbox 1017 1335 1100 1363; x_wconf 90' lang='lat' dir='ltr'><strong>certa,</strong></span> <span class='ocrx_word' id='word_1_479' title='bbox 1115 1328 1286 1358; x_wconf 85' lang='lat' dir='ltr'><strong>immortalia.</strong></span> <span class='ocrx_word' id='word_1_480' title='bbox 1302 1331 1358 1358; x_wconf 83' lang='lat' dir='ltr'>Nec</span> <span class='ocrx_word' id='word_1_481' title='bbox 1371 1341 1436 1359; x_wconf 72' lang='lat' dir='ltr'><strong>vero</strong></span> <span class='ocrx_word' id='word_1_482' title='bbox 1452 1332 1503 1361; x_wconf 90' lang='lat' dir='ltr'>hoc</span> <span class='ocrx_word' id='word_1_483' title='bbox 1517 1333 1599 1362; x_wconf 83' lang='lat' dir='ltr'><strong>dum-</strong></span> 
     </span>
     <span class='ocr_line' id='line_1_71' title="bbox 884 1373 1600 1413; baseline 0.01 -12"><span class='ocrx_word' id='word_1_484' title='bbox 884 1380 960 1401; x_wconf 84' lang='lat' dir='ltr'><strong>taxat</strong></span> <span class='ocrx_word' id='word_1_485' title='bbox 982 1373 1134 1401; x_wconf 87' lang='lat' dir='ltr'><strong>admirandi</strong></span> <span class='ocrx_word' id='word_1_486' title='bbox 1150 1374 1238 1402; x_wconf 77' lang='lat' dir='ltr'><strong>virtus</strong></span> <span class='ocrx_word' id='word_1_487' title='bbox 1252 1374 1343 1410; x_wconf 85' lang='lat' dir='ltr'><strong>habet,</strong></span> <span class='ocrx_word' id='word_1_488' title='bbox 1359 1376 1431 1413; x_wconf 83' lang='lat' dir='ltr'><strong>quod</strong></span> <span class='ocrx_word' id='word_1_489' title='bbox 1453 1377 1509 1406; x_wconf 82' lang='lat' dir='ltr'>haec</span> <span class='ocrx_word' id='word_1_490' title='bbox 1523 1379 1600 1408; x_wconf 87' lang='lat' dir='ltr'><strong>nobis</strong></span> 
     </span>
     <span class='ocr_line' id='line_1_72' title="bbox 882 1418 1598 1463; baseline 0.008 -17"><span class='ocrx_word' id='word_1_491' title='bbox 882 1419 994 1458; x_wconf 86' lang='lat' dir='ltr'><strong>praemia</strong></span> <span class='ocrx_word' id='word_1_492' title='bbox 1007 1418 1142 1456; x_wconf 83' lang='lat' dir='ltr'><strong>conciliat,</strong></span> <span class='ocrx_word' id='word_1_493' title='bbox 1157 1430 1250 1448; x_wconf 83' lang='lat' dir='ltr'><strong>verum</strong></span> <span class='ocrx_word' id='word_1_494' title='bbox 1263 1420 1343 1449; x_wconf 87' lang='lat' dir='ltr'><strong>etiam</strong></span> <span class='ocrx_word' id='word_1_495' title='bbox 1359 1421 1431 1459; x_wconf 90' lang='lat' dir='ltr'><strong>quod</strong></span> <span class='ocrx_word' id='word_1_496' title='bbox 1445 1430 1506 1451; x_wconf 88' lang='lat' dir='ltr'><strong>ante</strong></span> <span class='ocrx_word' id='word_1_497' title='bbox 1526 1434 1598 1463; x_wconf 83' lang='lat' dir='ltr'><strong>prae-</strong></span> 
     </span>
     <span class='ocr_line' id='line_1_73' title="bbox 882 1464 1599 1506; baseline 0.007 -14"><span class='ocrx_word' id='word_1_498' title='bbox 882 1464 999 1492; x_wconf 82' lang='lat' dir='ltr'><strong>miorum</strong></span> <span class='ocrx_word' id='word_1_499' title='bbox 1009 1471 1112 1504; x_wconf 87' lang='lat' dir='ltr'><strong>tempus</strong></span> <span class='ocrx_word' id='word_1_500' title='bbox 1123 1465 1208 1504; x_wconf 84' lang='lat' dir='ltr'><strong>ipsius</strong></span> <span class='ocrx_word' id='word_1_501' title='bbox 1219 1466 1362 1494; x_wconf 81' lang='lat' dir='ltr'><strong>certamina</strong></span> <span class='ocrx_word' id='word_1_502' title='bbox 1372 1468 1545 1506; x_wconf 65' lang='lat' dir='ltr'><strong>praemiorum</strong></span> <span class='ocrx_word' id='word_1_503' title='bbox 1554 1480 1599 1497; x_wconf 86' lang='lat' dir='ltr'>ra-</span> 
     </span>
     <span class='ocr_line' id='line_1_74' title="bbox 881 1510 1599 1550; baseline 0.007 -12"><span class='ocrx_word' id='word_1_504' title='bbox 881 1510 981 1539; x_wconf 89' lang='lat' dir='ltr'><strong>tionem</strong></span> <span class='ocrx_word' id='word_1_505' title='bbox 992 1510 1102 1546; x_wconf 84' lang='lat' dir='ltr'><strong>habent,</strong></span> <span class='ocrx_word' id='word_1_506' title='bbox 1121 1518 1200 1549; x_wconf 87' lang='lat' dir='ltr'><strong>atque</strong></span> <span class='ocrx_word' id='word_1_507' title='bbox 1211 1511 1268 1550; x_wconf 83' lang='lat' dir='ltr'><strong>ipsa</strong></span> <span class='ocrx_word' id='word_1_508' title='bbox 1279 1522 1331 1540; x_wconf 89' lang='lat' dir='ltr'>non</span> <span class='ocrx_word' id='word_1_509' title='bbox 1341 1513 1421 1541; x_wconf 90' lang='lat' dir='ltr'><strong>modo</strong></span> <span class='ocrx_word' id='word_1_510' title='bbox 1427 1514 1516 1543; x_wconf 86' lang='lat' dir='ltr'><strong>soluto</strong></span> <span class='ocrx_word' id='word_1_511' title='bbox 1526 1515 1599 1543; x_wconf 83' lang='lat' dir='ltr'><strong>thea-</strong></span> 
     </span>
     <span class='ocr_line' id='line_1_75' title="bbox 882 1556 1598 1596; baseline 0.008 -12"><span class='ocrx_word' id='word_1_512' title='bbox 882 1562 923 1584; x_wconf 90' lang='lat' dir='ltr'>tro</span> <span class='ocrx_word' id='word_1_513' title='bbox 935 1556 1084 1585; x_wconf 86' lang='lat' dir='ltr'><strong>victoribus</strong></span> <span class='ocrx_word' id='word_1_514' title='bbox 1092 1556 1211 1596; x_wconf 83' lang='lat' dir='ltr'><strong>palmam</strong></span> <span class='ocrx_word' id='word_1_515' title='bbox 1222 1557 1312 1595; x_wconf 74' lang='lat' dir='ltr'><strong>affert,</strong></span> <span class='ocrx_word' id='word_1_516' title='bbox 1324 1558 1371 1586; x_wconf 84' lang='lat' dir='ltr'>sed</span> <span class='ocrx_word' id='word_1_517' title='bbox 1383 1559 1465 1588; x_wconf 86' lang='lat' dir='ltr'><strong>etiam</strong></span> <span class='ocrx_word' id='word_1_518' title='bbox 1475 1560 1500 1588; x_wconf 89' lang='lat' dir='ltr'>in</span> <span class='ocrx_word' id='word_1_519' title='bbox 1510 1561 1598 1590; x_wconf 86' lang='lat' dir='ltr'><strong>media</strong></span> 
     </span>
     <span class='ocr_line' id='line_1_76' title="bbox 847 1601 1596 1646; baseline 0.008 -17"><span class='ocrx_word' id='word_1_520' title='bbox 847 1611 864 1634; x_wconf 82' lang='grc' dir='ltr'>Β</span> <span class='ocrx_word' id='word_1_521' title='bbox 882 1612 960 1630; x_wconf 86' lang='lat' dir='ltr'><strong>arena</strong></span> <span class='ocrx_word' id='word_1_522' title='bbox 973 1601 1115 1641; x_wconf 83' lang='lat' dir='ltr'><strong>praeclaras</strong></span> <span class='ocrx_word' id='word_1_523' title='bbox 1128 1602 1236 1631; x_wconf 85' lang='lat' dir='ltr'><strong>athletis</strong></span> <span class='ocrx_word' id='word_1_524' title='bbox 1249 1613 1358 1632; x_wconf 87' lang='lat' dir='ltr'><strong>coronas</strong></span> <span class='ocrx_word' id='word_1_525' title='bbox 1372 1605 1462 1634; x_wconf 86' lang='lat' dir='ltr'><strong>nectit.</strong></span> <span class='ocrx_word' id='word_1_526' title='bbox 1475 1608 1515 1634; x_wconf 81' lang='lat' dir='ltr'>Ac</span> <span class='ocrx_word' id='word_1_527' title='bbox 1529 1617 1596 1646; x_wconf 75' lang='lat' dir='ltr'><strong>pro-</strong></span> 
     </span>
     <span class='ocr_line' id='line_1_77' title="bbox 881 1647 1597 1691; baseline 0.007 -16"><span class='ocrx_word' id='word_1_528' title='bbox 881 1647 943 1676; x_wconf 88' lang='lat' dir='ltr'><strong>inde</strong></span> <span class='ocrx_word' id='word_1_529' title='bbox 957 1648 1057 1676; x_wconf 86' lang='lat' dir='ltr'><strong>Paulus</strong></span> <span class='ocrx_word' id='word_1_530' title='bbox 1063 1657 1167 1686; x_wconf 87' lang='lat' dir='ltr'><strong>quoque</strong></span> <span class='ocrx_word' id='word_1_531' title='bbox 1176 1658 1228 1676; x_wconf 89' lang='lat' dir='ltr'>non</span> <span class='ocrx_word' id='word_1_532' title='bbox 1244 1648 1278 1676; x_wconf 90' lang='lat' dir='ltr'>ob</span> <span class='ocrx_word' id='word_1_533' title='bbox 1291 1649 1472 1679; x_wconf 79' lang='lat' dir='ltr'><strong>calamitatum</strong></span> <span class='ocrx_word' id='word_1_534' title='bbox 1484 1652 1597 1691; x_wconf 79' lang='lat' dir='ltr'><strong>praemia</strong></span> 
     </span>
     <span class='ocr_line' id='line_1_78' title="bbox 879 1692 1597 1731; baseline 0.006 -10"><span class='ocrx_word' id='word_1_535' title='bbox 879 1693 1022 1722; x_wconf 78' lang='lat' dir='ltr'><strong>dumtaxat</strong></span> <span class='ocrx_word' id='word_1_536' title='bbox 1043 1692 1142 1731; x_wconf 82' lang='lat' dir='ltr'><strong>gaudet</strong></span> <span class='ocrx_word' id='word_1_537' title='bbox 1163 1703 1195 1722; x_wconf 88' lang='lat' dir='ltr'>ac</span> <span class='ocrx_word' id='word_1_538' title='bbox 1214 1693 1332 1731; x_wconf 77' lang='lat' dir='ltr'><strong>laetatur,</strong></span> <span class='ocrx_word' id='word_1_539' title='bbox 1347 1705 1442 1723; x_wconf 77' lang='lat' dir='ltr'><strong>verum</strong></span> <span class='ocrx_word' id='word_1_540' title='bbox 1463 1697 1541 1725; x_wconf 88' lang='lat' dir='ltr'><strong>etiam</strong></span> <span class='ocrx_word' id='word_1_541' title='bbox 1561 1697 1597 1725; x_wconf 88' lang='lat' dir='ltr'>oh</span> 
     </span>
     <span class='ocr_line' id='line_1_79' title="bbox 879 1738 1594 1777; baseline 0.004 -10"><span class='ocrx_word' id='word_1_542' title='bbox 879 1738 951 1777; x_wconf 87' lang='lat' dir='ltr'><strong>ipsas</strong></span> <span class='ocrx_word' id='word_1_543' title='bbox 967 1749 1074 1777; x_wconf 85' lang='lat' dir='ltr'><strong>quoque</strong></span> <span class='ocrx_word' id='word_1_544' title='bbox 1097 1738 1260 1767; x_wconf 80' lang='lat' dir='ltr'><strong>calamitates</strong></span> <span class='ocrx_word' id='word_1_545' title='bbox 1282 1739 1421 1777; x_wconf 83' lang='lat' dir='ltr'><strong>gloriatur,</strong></span> <span class='ocrx_word' id='word_1_546' title='bbox 1440 1741 1483 1769; x_wconf 88' lang='lat' dir='ltr'>his</span> <span class='ocrx_word' id='word_1_547' title='bbox 1505 1742 1594 1770; x_wconf 77' lang='lat' dir='ltr'><strong>verbis</strong></span> 
     </span>
    </p>
   </div>
   <div class='ocr_carea' id='block_1_11' title="bbox 879 1785 1745 1824">
    <p class='ocr_par' dir='ltr' id='par_1_11' title="bbox 879 1785 1745 1824">
     <span class='ocr_line' id='line_1_80' title="bbox 879 1785 1745 1824; baseline 0.006 -12"><span class='ocrx_word' id='word_1_548' title='bbox 879 1791 956 1813; x_wconf 84' lang='lat' dir='ltr'><strong>utens</strong></span> <span class='ocrx_word' id='word_1_549' title='bbox 971 1796 977 1812; x_wconf 91' lang='lat'><strong>:</strong></span> <span class='ocrx_word' id='word_1_550' title='bbox 998 1785 1065 1813; x_wconf 83' lang='lat' dir='ltr'>Non</span> <span class='ocrx_word' id='word_1_551' title='bbox 1084 1785 1179 1813; x_wconf 82' lang='lat' dir='ltr'><strong>solum</strong></span> <span class='ocrx_word' id='word_1_552' title='bbox 1200 1791 1308 1819; x_wconf 78' lang='lat' dir='ltr'><strong>autem,</strong></span> <span class='ocrx_word' id='word_1_553' title='bbox 1327 1786 1379 1814; x_wconf 85' lang='lat' dir='ltr'>sed</span> <span class='ocrx_word' id='word_1_554' title='bbox 1392 1792 1419 1814; x_wconf 79' lang='lat' dir='ltr'>et</span> <span class='ocrx_word' id='word_1_555' title='bbox 1431 1787 1595 1824; x_wconf 82' lang='lat' dir='ltr'><strong>gloriamur</strong></span> <span class='ocrx_word' id='word_1_556' title='bbox 1606 1795 1671 1817; x_wconf 75' lang='lat' dir='ltr'><strong>nom.</strong></span> <span class='ocrx_word' id='word_1_557' title='bbox 1685 1796 1707 1817; x_wconf 85' lang='lat'>5.</span> <span class='ocrx_word' id='word_1_558' title='bbox 1720 1795 1745 1817; x_wconf 87' lang='grc'>3.</span> 
     </span>
    </p>
   </div>
   <div class='ocr_carea' id='block_1_12' title="bbox 838 1829 1594 2505">
    <p class='ocr_par' dir='ltr' id='par_1_12' title="bbox 838 1829 1594 2505">
     <span class='ocr_line' id='line_1_81' title="bbox 879 1829 1594 1869; baseline 0.004 -11"><span class='ocrx_word' id='word_1_559' title='bbox 879 1831 910 1858; x_wconf 84' lang='lat' dir='ltr'>in</span> <span class='ocrx_word' id='word_1_560' title='bbox 927 1830 1175 1858; x_wconf 82' lang='lat' dir='ltr'><strong>tribulationibus.</strong></span> <span class='ocrx_word' id='word_1_561' title='bbox 1192 1831 1232 1858; x_wconf 86' lang='lat' dir='ltr'>Ac</span> <span class='ocrx_word' id='word_1_562' title='bbox 1250 1829 1347 1858; x_wconf 89' lang='lat' dir='ltr'><strong>deinde</strong></span> <span class='ocrx_word' id='word_1_563' title='bbox 1360 1831 1533 1869; x_wconf 63' lang='lat' dir='ltr'><strong>praemiorum</strong></span> <span class='ocrx_word' id='word_1_564' title='bbox 1548 1843 1594 1861; x_wconf 85' lang='lat' dir='ltr'>eo-</span> 
     </span>
     <span class='ocr_line' id='line_1_82' title="bbox 877 1874 1594 1914; baseline 0.004 -11"><span class='ocrx_word' id='word_1_565' title='bbox 877 1885 948 1909; x_wconf 81' lang='lat' dir='ltr'><strong>rum,</strong></span> <span class='ocrx_word' id='word_1_566' title='bbox 963 1886 1024 1913; x_wconf 76' lang='lat' dir='ltr'>quae</span> <span class='ocrx_word' id='word_1_567' title='bbox 1037 1885 1072 1904; x_wconf 77' lang='lat' dir='ltr'>ex</span> <span class='ocrx_word' id='word_1_568' title='bbox 1083 1874 1234 1903; x_wconf 77' lang='lat' dir='ltr'><strong>calamitate</strong></span> <span class='ocrx_word' id='word_1_569' title='bbox 1251 1881 1342 1902; x_wconf 87' lang='lat' dir='ltr'><strong>ortum</strong></span> <span class='ocrx_word' id='word_1_570' title='bbox 1360 1875 1481 1914; x_wconf 82' lang='lat' dir='ltr'><strong>trahunt,</strong></span> <span class='ocrx_word' id='word_1_571' title='bbox 1498 1877 1594 1907; x_wconf 82' lang='lat' dir='ltr'><strong>seriem</strong></span> 
     </span>
     <span class='ocr_line' id='line_1_83' title="bbox 877 1920 1593 1961; baseline 0.006 -13"><span class='ocrx_word' id='word_1_572' title='bbox 877 1930 1045 1955; x_wconf 85' lang='lat' dir='ltr'><strong>enumerans,</strong></span> <span class='ocrx_word' id='word_1_573' title='bbox 1062 1920 1116 1948; x_wconf 85' lang='lat' dir='ltr'><strong>ait:</strong></span> <span class='ocrx_word' id='word_1_574' title='bbox 1137 1920 1300 1948; x_wconf 82' lang='lat' dir='ltr'><strong>Tribulatio</strong></span> <span class='ocrx_word' id='word_1_575' title='bbox 1313 1922 1489 1959; x_wconf 76' lang='lat' dir='ltr'><strong>patientiam</strong></span> <span class='ocrx_word' id='word_1_576' title='bbox 1501 1926 1593 1961; x_wconf 84' lang='lat' dir='ltr'><strong>parit;</strong></span> 
     </span>
     <span class='ocr_line' id='line_1_84' title="bbox 876 1964 1591 2005; baseline 0.006 -12"><span class='ocrx_word' id='word_1_577' title='bbox 876 1965 956 2002; x_wconf 85' lang='lat' dir='ltr'><strong>hanc,</strong></span> <span class='ocrx_word' id='word_1_578' title='bbox 972 1965 1091 2003; x_wconf 87' lang='lat' dir='ltr'><strong>inquam,</strong></span> <span class='ocrx_word' id='word_1_579' title='bbox 1101 1964 1234 1993; x_wconf 89' lang='lat' dir='ltr'><strong>bonorum</strong></span> <span class='ocrx_word' id='word_1_580' title='bbox 1248 1971 1372 2003; x_wconf 84' lang='lat' dir='ltr'><strong>matrem,</strong></span> <span class='ocrx_word' id='word_1_581' title='bbox 1383 1973 1493 2005; x_wconf 80' lang='lat' dir='ltr'><strong>portum</strong></span> <span class='ocrx_word' id='word_1_582' title='bbox 1501 1968 1591 1997; x_wconf 89' lang='lat' dir='ltr'><strong>ssucti-</strong></span> 
     </span>
     <span class='ocr_line' id='line_1_85' title="bbox 875 2010 1590 2051; baseline 0.004 -12"><span class='ocrx_word' id='word_1_583' title='bbox 875 2010 926 2039; x_wconf 87' lang='lat' dir='ltr'><strong>bus</strong></span> <span class='ocrx_word' id='word_1_584' title='bbox 946 2021 1076 2048; x_wconf 69' lang='lat' dir='ltr'><strong>vacuum,</strong></span> <span class='ocrx_word' id='word_1_585' title='bbox 1097 2010 1271 2048; x_wconf 82' lang='lat' dir='ltr'><strong>tranquillam</strong></span> <span class='ocrx_word' id='word_1_586' title='bbox 1289 2011 1384 2048; x_wconf 77' lang='lat' dir='ltr'><strong>vitam,</strong></span> <span class='ocrx_word' id='word_1_587' title='bbox 1406 2022 1473 2051; x_wconf 88' lang='lat' dir='ltr'><strong>rupe</strong></span> <span class='ocrx_word' id='word_1_588' title='bbox 1495 2013 1590 2042; x_wconf 82' lang='lat' dir='ltr'><strong>fortio-</strong></span> 
     </span>
     <span class='ocr_line' id='line_1_86' title="bbox 875 2055 1586 2094; baseline 0.006 -10"><span class='ocrx_word' id='word_1_589' title='bbox 875 2066 944 2093; x_wconf 80' lang='lat' dir='ltr'><strong>rem,</strong></span> <span class='ocrx_word' id='word_1_590' title='bbox 963 2055 1105 2084; x_wconf 84' lang='lat' dir='ltr'><strong>adamante</strong></span> <span class='ocrx_word' id='word_1_591' title='bbox 1119 2055 1274 2092; x_wconf 82' lang='lat' dir='ltr'><strong>firmiorem,</strong></span> <span class='ocrx_word' id='word_1_592' title='bbox 1289 2056 1433 2094; x_wconf 83' lang='lat' dir='ltr'><strong>quibusvis</strong></span> <span class='ocrx_word' id='word_1_593' title='bbox 1447 2058 1529 2087; x_wconf 85' lang='lat' dir='ltr'><strong>armis</strong></span> <span class='ocrx_word' id='word_1_594' title='bbox 1542 2069 1586 2088; x_wconf 78' lang='lat' dir='ltr'>va-</span> 
     </span>
     <span class='ocr_line' id='line_1_87' title="bbox 874 2100 1590 2136; baseline 0.007 -8"><span class='ocrx_word' id='word_1_595' title='bbox 874 2100 1023 2136; x_wconf 87' lang='lat' dir='ltr'><strong>lentiorem,</strong></span> <span class='ocrx_word' id='word_1_596' title='bbox 1051 2111 1083 2130; x_wconf 90' lang='lat' dir='ltr'>ac</span> <span class='ocrx_word' id='word_1_597' title='bbox 1104 2101 1238 2129; x_wconf 79' lang='lat' dir='ltr'><strong>moenibus</strong></span> <span class='ocrx_word' id='word_1_598' title='bbox 1259 2101 1392 2130; x_wconf 85' lang='lat' dir='ltr'><strong>tutiorem.</strong></span> <span class='ocrx_word' id='word_1_599' title='bbox 1416 2103 1482 2132; x_wconf 82' lang='lat' dir='ltr'>Haec</span> <span class='ocrx_word' id='word_1_600' title='bbox 1501 2111 1590 2134; x_wconf 86' lang='lat' dir='ltr'><strong>autem</strong></span> 
     </span>
     <span class='ocr_line' id='line_1_88' title="bbox 838 2146 1589 2187; baseline 0.008 -14"><span class='ocrx_word' id='word_1_601' title='bbox 838 2165 856 2187; x_wconf 76' lang='lat' dir='ltr'><strong>c</strong></span> <span class='ocrx_word' id='word_1_602' title='bbox 876 2146 1001 2175; x_wconf 87' lang='lat' dir='ltr'><strong>omnibus</strong></span> <span class='ocrx_word' id='word_1_603' title='bbox 1015 2146 1133 2174; x_wconf 86' lang='lat' dir='ltr'><strong>numeris</strong></span> <span class='ocrx_word' id='word_1_604' title='bbox 1146 2146 1262 2185; x_wconf 81' lang='lat' dir='ltr'><strong>perfecta</strong></span> <span class='ocrx_word' id='word_1_605' title='bbox 1282 2153 1307 2175; x_wconf 84' lang='lat' dir='ltr'>et</span> <span class='ocrx_word' id='word_1_606' title='bbox 1331 2147 1453 2177; x_wconf 76' lang='lat' dir='ltr'><strong>absoluta</strong></span> <span class='ocrx_word' id='word_1_607' title='bbox 1466 2149 1589 2179; x_wconf 88' lang='lat' dir='ltr'><strong>alumnos</strong></span> 
     </span>
     <span class='ocr_line' id='line_1_89' title="bbox 875 2192 1588 2231; baseline 0.007 -11"><span class='ocrx_word' id='word_1_608' title='bbox 875 2202 936 2220; x_wconf 84' lang='lat' dir='ltr'><strong>suos</strong></span> <span class='ocrx_word' id='word_1_609' title='bbox 961 2192 1086 2231; x_wconf 85' lang='lat' dir='ltr'><strong>probatos</strong></span> <span class='ocrx_word' id='word_1_610' title='bbox 1104 2199 1130 2220; x_wconf 90' lang='lat' dir='ltr'>et</span> <span class='ocrx_word' id='word_1_611' title='bbox 1151 2202 1290 2230; x_wconf 80' lang='lat' dir='ltr'><strong>generosos</strong></span> <span class='ocrx_word' id='word_1_612' title='bbox 1310 2199 1389 2231; x_wconf 84' lang='lat' dir='ltr'><strong>atque</strong></span> <span class='ocrx_word' id='word_1_613' title='bbox 1403 2194 1588 2225; x_wconf 87' lang='lat' dir='ltr'><strong>incredibilem</strong></span> 
     </span>
     <span class='ocr_line' id='line_1_90' title="bbox 875 2237 1589 2276; baseline 0.004 -9"><span class='ocrx_word' id='word_1_614' title='bbox 875 2238 1053 2276; x_wconf 86' lang='lat' dir='ltr'><strong>quemdamin</strong></span> <span class='ocrx_word' id='word_1_615' title='bbox 1064 2237 1175 2266; x_wconf 89' lang='lat' dir='ltr'><strong>modum</strong></span> <span class='ocrx_word' id='word_1_616' title='bbox 1183 2238 1298 2267; x_wconf 79' lang='lat' dir='ltr'><strong>invictos</strong></span> <span class='ocrx_word' id='word_1_617' title='bbox 1307 2237 1404 2267; x_wconf 85' lang='lat' dir='ltr'><strong>reddit.</strong></span> <span class='ocrx_word' id='word_1_618' title='bbox 1417 2240 1506 2269; x_wconf 85' lang='lat' dir='ltr'><strong>Nullis</strong></span> <span class='ocrx_word' id='word_1_619' title='bbox 1517 2242 1589 2270; x_wconf 90' lang='lat' dir='ltr'><strong>enim</strong></span> 
     </span>
     <span class='ocr_line' id='line_1_91' title="bbox 874 2282 1588 2325; baseline 0.004 -13"><span class='ocrx_word' id='word_1_620' title='bbox 874 2283 1012 2319; x_wconf 86' lang='lat' dir='ltr'><strong>molestiis,</strong></span> <span class='ocrx_word' id='word_1_621' title='bbox 1027 2294 1086 2322; x_wconf 68' lang='lat' dir='ltr'><strong>quae</strong></span> <span class='ocrx_word' id='word_1_622' title='bbox 1096 2282 1210 2312; x_wconf 89' lang='lat' dir='ltr'><strong>subinde</strong></span> <span class='ocrx_word' id='word_1_623' title='bbox 1222 2283 1277 2312; x_wconf 84' lang='lat' dir='ltr'><strong>illis</strong></span> <span class='ocrx_word' id='word_1_624' title='bbox 1291 2284 1428 2320; x_wconf 89' lang='lat' dir='ltr'><strong>accidunt,</strong></span> <span class='ocrx_word' id='word_1_625' title='bbox 1443 2285 1516 2324; x_wconf 86' lang='lat' dir='ltr'><strong>ipsos</strong></span> <span class='ocrx_word' id='word_1_626' title='bbox 1529 2297 1588 2325; x_wconf 87' lang='lat' dir='ltr'><strong>per—</strong></span> 
     </span>
     <span class='ocr_line' id='line_1_92' title="bbox 873 2328 1586 2368; baseline 0.003 -10"><span class='ocrx_word' id='word_1_627' title='bbox 873 2329 976 2358; x_wconf 81' lang='lat' dir='ltr'><strong>turbari</strong></span> <span class='ocrx_word' id='word_1_628' title='bbox 997 2339 1029 2358; x_wconf 89' lang='lat' dir='ltr'>ac</span> <span class='ocrx_word' id='word_1_629' title='bbox 1045 2328 1126 2368; x_wconf 85' lang='lat' dir='ltr'><strong>dejici</strong></span> <span class='ocrx_word' id='word_1_630' title='bbox 1147 2329 1229 2357; x_wconf 86' lang='lat' dir='ltr'><strong>sinit:</strong></span> <span class='ocrx_word' id='word_1_631' title='bbox 1249 2340 1344 2358; x_wconf 73' lang='lat' dir='ltr'><strong>verum</strong></span> <span class='ocrx_word' id='word_1_632' title='bbox 1359 2331 1586 2368; x_wconf 87' lang='lat' dir='ltr'><strong>quemadmodum</strong></span> 
     </span>
     <span class='ocr_line' id='line_1_93' title="bbox 873 2374 1586 2415; baseline 0.003 -13"><span class='ocrx_word' id='word_1_633' title='bbox 873 2385 961 2414; x_wconf 85' lang='lat' dir='ltr'><strong>rupes,</strong></span> <span class='ocrx_word' id='word_1_634' title='bbox 977 2385 1030 2413; x_wconf 88' lang='lat' dir='ltr'>quo</span> <span class='ocrx_word' id='word_1_635' title='bbox 1046 2374 1171 2414; x_wconf 83' lang='lat' dir='ltr'><strong>pluribus</strong></span> <span class='ocrx_word' id='word_1_636' title='bbox 1191 2374 1318 2403; x_wconf 82' lang='lat' dir='ltr'><strong>fluctibus</strong></span> <span class='ocrx_word' id='word_1_637' title='bbox 1340 2375 1505 2412; x_wconf 75' lang='lat' dir='ltr'><strong>verberatur,</strong></span> <span class='ocrx_word' id='word_1_638' title='bbox 1529 2377 1586 2415; x_wconf 84' lang='lat' dir='ltr'><strong>ipsa</strong></span> 
     </span>
     <span class='ocr_line' id='line_1_94' title="bbox 871 2419 1586 2460; baseline 0.001 -12"><span class='ocrx_word' id='word_1_639' title='bbox 871 2419 979 2458; x_wconf 84' lang='lat' dir='ltr'><strong>quidem</strong></span> <span class='ocrx_word' id='word_1_640' title='bbox 993 2420 1086 2460; x_wconf 86' lang='lat' dir='ltr'><strong>purior</strong></span> <span class='ocrx_word' id='word_1_641' title='bbox 1096 2419 1222 2457; x_wconf 74' lang='lat' dir='ltr'><strong>efficitur,</strong></span> <span class='ocrx_word' id='word_1_642' title='bbox 1238 2430 1268 2448; x_wconf 86' lang='lat' dir='ltr'>ac</span> <span class='ocrx_word' id='word_1_643' title='bbox 1280 2430 1312 2448; x_wconf 89' lang='lat' dir='ltr'>ne</span> <span class='ocrx_word' id='word_1_644' title='bbox 1328 2420 1463 2449; x_wconf 81' lang='lat' dir='ltr'><strong>tantillum</strong></span> <span class='ocrx_word' id='word_1_645' title='bbox 1477 2421 1586 2458; x_wconf 85' lang='lat' dir='ltr'><strong>quidem</strong></span> 
     </span>
     <span class='ocr_line' id='line_1_95' title="bbox 872 2466 1586 2505; baseline 0 -11"><span class='ocrx_word' id='word_1_646' title='bbox 872 2473 1019 2502; x_wconf 74' lang='lat' dir='ltr'><strong>emovetur,</strong></span> <span class='ocrx_word' id='word_1_647' title='bbox 1039 2475 1170 2504; x_wconf 84' lang='lat' dir='ltr'><strong>aquarum</strong></span> <span class='ocrx_word' id='word_1_648' title='bbox 1186 2472 1275 2494; x_wconf 81' lang='lat' dir='ltr'><strong>autem</strong></span> <span class='ocrx_word' id='word_1_649' title='bbox 1295 2476 1354 2504; x_wconf 81' lang='lat' dir='ltr'>quae</span> <span class='ocrx_word' id='word_1_650' title='bbox 1370 2466 1421 2505; x_wconf 90' lang='lat' dir='ltr'><strong>ipsi</strong></span> <span class='ocrx_word' id='word_1_651' title='bbox 1436 2466 1586 2495; x_wconf 82' lang='lat' dir='ltr'><strong>alliduntur</strong></span> 
     </span>
    </p>
   </div>
   <div class='ocr_carea' id='block_1_13' title="bbox 891 642 1763 723">
    <p class='ocr_par' dir='ltr' id='par_1_13' title="bbox 891 642 1763 723">
     <span class='ocr_line' id='line_1_96' title="bbox 927 642 1763 686; baseline 0.008 -15"><span class='ocrx_word' id='word_1_652' title='bbox 927 642 1008 678; x_wconf 90' lang='lat' dir='ltr'><strong>Quod</strong></span> <span class='ocrx_word' id='word_1_653' title='bbox 1020 653 1098 681; x_wconf 86' lang='lat' dir='ltr'><strong>auro,</strong></span> <span class='ocrx_word' id='word_1_654' title='bbox 1115 655 1176 672; x_wconf 89' lang='lat' dir='ltr'>cum</span> <span class='ocrx_word' id='word_1_655' title='bbox 1194 644 1249 683; x_wconf 81' lang='lat' dir='ltr'><strong>igni</strong></span> <span class='ocrx_word' id='word_1_656' title='bbox 1261 656 1334 684; x_wconf 74' lang='lat' dir='ltr'><strong>saepe</strong></span> <span class='ocrx_word' id='word_1_657' title='bbox 1344 646 1485 686; x_wconf 83' lang='lat' dir='ltr'><strong>probatur,</strong></span> <span class='ocrx_word' id='word_1_658' title='bbox 1497 648 1606 686; x_wconf 86' lang='lat' dir='ltr'><strong>accidit,</strong></span> <span class='ocrx_word' id='word_1_659' title='bbox 1619 657 1704 678; x_wconf 72' lang='lat' dir='ltr'><strong>cneum</strong></span> <span class='ocrx_word' id='word_1_660' title='bbox 1725 667 1763 679; x_wconf 66' lang='lat' dir='ltr'>an-</span> 
     </span>
     <span class='ocr_line' id='line_1_97' title="bbox 891 687 1719 723; baseline 0.008 -7"><span class='ocrx_word' id='word_1_661' title='bbox 891 687 942 717; x_wconf 89' lang='lat' dir='ltr'>hoc</span> <span class='ocrx_word' id='word_1_662' title='bbox 955 689 1035 717; x_wconf 85' lang='lat' dir='ltr'><strong>etiam</strong></span> <span class='ocrx_word' id='word_1_663' title='bbox 1048 690 1136 718; x_wconf 87' lang='lat' dir='ltr'><strong>aureis</strong></span> <span class='ocrx_word' id='word_1_664' title='bbox 1147 690 1244 718; x_wconf 83' lang='lat' dir='ltr'><strong>animis</strong></span> <span class='ocrx_word' id='word_1_665' title='bbox 1260 702 1275 719; x_wconf 92' lang='lat' dir='ltr'>a</span> <span class='ocrx_word' id='word_1_666' title='bbox 1298 692 1489 721; x_wconf 80' lang='lat' dir='ltr'><strong>tentationibus</strong></span> <span class='ocrx_word' id='word_1_667' title='bbox 1504 695 1611 723; x_wconf 76' lang='lat' dir='ltr'><strong>evenire</strong></span> <span class='ocrx_word' id='word_1_668' title='bbox 1621 696 1648 709; x_wconf 74' lang='lat'>¹¹⁹</span> <span class='ocrx_word' id='word_1_669' title='bbox 1664 689 1719 716; x_wconf 74' lang='lat'>4⁰⁵·</span> 
     </span>
    </p>
   </div>
  </div>
 </body>
</html>
