1843 2810
183 154 254 190 628

184 228 278 256 teriam
296 228 450 267 praestitere.
466 227 502 257 Et
518 228 617 257 idcirco
629 239 676 258 vos
690 235 715 256 et
730 234 855 256 coronant
870 233 895 255 et

184 274 331 313 praedicant
345 285 446 312 omneS,
464 285 517 303 non
531 275 611 303 amici
625 274 722 308 solum,
739 273 787 301 sed
806 279 831 300 et
845 272 896 300 ini-

185 320 248 348 mici
273 320 325 359 ipsi
345 320 391 358 qui
410 320 467 348 haec
487 321 644 355 effecerunt3
656 319 705 347 etsi
724 329 776 346 non
795 317 896 356 palam,

185 365 231 393 sed
245 366 267 394 si
280 366 340 404 quis
354 366 381 394 in
397 376 489 394 eorum
509 365 676 404 introspiciat
699 363 897 398 conscientiam,

185 410 246 439 illos
257 411 338 439 etiam
347 411 425 439 vestri
435 411 610 439 admiratione
621 409 701 438 teneri
707 408 897 447 deprehendet.

187 456 264 484 Talis
280 457 350 485 enim
364 468 405 485 res
426 464 465 485 est
487 457 591 493 virtus,
610 462 639 483 ut
655 455 730 483 illam
748 454 827 482 etiam
848 454 900 482 im-

186 509 347 541 pugnatores
361 503 417 541 ejus
430 501 612 537 admirentur5
625 501 687 528 talis
706 511 748 528 res
767 506 806 528 est
822 499 900 527 mali-

188 547 236 583 tia,
253 554 283 575 ut
297 548 376 576 etiam
389 548 408 575 ii
423 547 469 585 qui
484 557 542 574 eam
557 553 700 585 operantur
714 544 898 574 condemnent.
917 550 935 573 C

188 593 224 622 Et
244 593 280 622 ita
298 593 323 621 in
345 593 395 621 hac
414 593 469 621 vita
493 603 533 621 res
551 599 644 621 vestrae
664 602 691 620 se
710 591 811 619 habent
823 602 829 618 :
842 600 900 628 quae

189 646 277 667 autem
292 639 319 667 in
332 638 403 667 caelis
416 638 493 673 fiunt,
509 637 570 675 quis
584 647 669 665 sermo
681 636 762 674 digne
782 635 901 674 expliea-

188 683 246 712 bit?
258 684 386 723 Inscripta
401 690 461 711 sunt
477 683 584 711 nomina
596 689 683 711 vestra
696 682 722 710 in
736 682 805 709 libro
821 681 881 710 vitae
894 692 900 708 ε

189 739 251 757 cum
265 729 362 757 sanctis
378 728 544 767 martyribus
560 727 741 756 connumerati
756 727 826 755 estis.
840 726 902 755 Scio

188 775 246 803 liaec
261 785 309 813 ego
322 782 403 808 certo7
417 785 468 802 non
482 773 553 812 quod
572 773 598 801 in
618 773 714 801 caelum
735 772 902 801 transcende-

188 820 250 857 rim,
263 821 308 848 sed
322 832 335 848 e
350 820 451 849 divinis
465 819 579 848 oraculis
594 818 686 847 didici.
700 820 768 847 Nam
783 818 804 846 si
821 819 901 848 Joan-

188 876 233 893 nes
245 865 291 893 ille
306 865 453 893 infecunda¹
469 865 582 901 fructus,
595 871 620 892 et
631 863 729 892 deserti
749 863 826 901 civis,
842 874 903 892 cum

187 911 341 949 illegitimas
361 910 473 939 Herodis
490 910 597 949 nuptias
616 909 740 946 vidisset,
756 919 816 937 cum
835 919 903 948 prae-

187 956 377 986 varicationem
389 956 521 994 corrigere
534 966 586 984 non
598 962 696 995 posset,
708 954 797 993 arguit
807 961 903 992 tamen,

189 1010 214 1032 et
232 1010 370 1042 propterea
390 1003 417 1031 in
433 1013 564 1031 carcerem
586 1003 732 1042 conjectus,
751 1008 776 1029 et
787 1001 903 1030 decolla-

509 166 538 189 S·
567 166 706 189 JOANMS

84 1055 180 1076 Joanues
191 1056 244 1085 tus,
259 1056 372 1088 martyr,
386 1055 410 1077 et
432 1055 582 1087 martyrum
596 1048 700 1087 primus
713 1048 764 1076 fuit
776 1059 781 1074 :
793 1058 840 1076 vos
857 1047 905 1085 qui

39 1085 134 1113 Baptista

39 1116 130 1146 Martyr.

190 1094 295 1133 legibus
312 1101 337 1122 et
354 1094 589 1122 constitutionibus
609 1100 726 1132 patrum,
739 1104 806 1131 quas
820 1099 905 1121 trans-

191 1140 349 1178 grediuntur
364 1139 460 1177 aliqui,
478 1146 503 1167 et
518 1138 675 1173 sacerdotio,
686 1138 759 1177 quod
774 1138 905 1168 invadunt
922 1147 940 1169 Ι)

190 1193 215 1214 ct
236 1185 427 1219 contaminant,
444 1184 659 1224 patrocinamini,
672 1191 697 1213 et
718 1195 778 1212 cum
797 1191 907 1223 propter

190 1232 327 1261 veritatem
350 1231 405 1259 lure
421 1231 556 1270 patimini,
574 1238 633 1259 tum
654 1237 684 1259 ut
698 1237 796 1259 cessent
812 1230 905 1269 impu—

190 1277 282 1306 dentes
299 1277 453 1312 calumniae,
469 1276 581 1314 cogitate
599 1276 705 1314 qualem
718 1275 851 1314 accepturi
866 1275 906 1303 si-

39 1327 126 1349 Mauh.
144 1326 178 1358 ιζ’.
191 1324 224 1352 tis
239 1322 393 1351 mercedem.
409 1323 475 1350 Non
493 1322 559 1350 licet
584 1323 635 1349 tibi
659 1323 765 1350 habere
787 1331 907 1349 uxorem

40 1360 62 1386 4.

190 1370 321 1407 Philippi
334 1370 444 1407 fratris
469 1369 526 1403 tui,
545 1367 617 1395 dixit
639 1367 714 1395 sortis
735 1373 760 1394 et
782 1366 907 1394 sublimis

190 1415 245 1449 ille,
263 1413 380 1451 satisque
401 1413 424 1441 ei
444 1413 494 1440 suit
514 1412 548 1440 ad
567 1413 700 1450 ingentem
719 1411 848 1449 arguendi
871 1411 906 1439 li-

190 1459 330 1487 bertatem.
355 1459 412 1487 Vos
443 1468 548 1495 quoque
575 1456 755 1491 dixistis‚En
784 1456 907 1495 exposita

190 1512 252 1533 sunt
274 1504 353 1533 etiam
377 1510 465 1532 nostra
493 1513 601 1541 corpora
627 1502 728 1541 poenis,
753 1501 905 1541 suppliciis,

190 1550 329 1579 tormentis
352 1561 357 1576 :
382 1549 503 1585 absume,
520 1548 619 1577 confice
643 1548 692 1576 ista
712 1547 811 1585 quibus
834 1547 908 1576 voles

191 1595 331 1635 suppliciis
347 1607 352 1622 ε
369 1594 467 1623 adduci
493 1605 545 1622 non
562 1604 704 1633 possumus
718 1600 747 1621 ut
763 1592 908 1621 calumnie-

192 1652 262 1676 mur,
275 1641 320 1669 sed
342 1640 439 1668 millies
460 1639 529 1668 mori
555 1639 632 1668 nobis
647 1639 730 1667 satius
747 1645 794 1667 cst.
812 1640 845 1666 At
863 1649 908 1666 ca-

930 1665 940 1677 .,

192 1687 246 1725 pite
272 1686 385 1714 truncati
413 1696 463 1713 non
485 1685 547 1713 estis
918 1666 953 1683 Μ

567 1697 573 1712 :
592 1685 645 1713 imo
669 1685 747 1723 longe
769 1684 906 1712 acerbiora
927 1693 945 1714 Λ

192 1731 299 1760 tulistis.
312 1732 370 1759 Non
386 1731 456 1759 enim
472 1730 544 1758 idem
560 1737 598 1758 est
613 1730 689 1758 brevi
706 1729 831 1768 temporis
845 1739 906 1757 mo-

193 1783 280 1805 mento
302 1783 380 1815 caput
402 1778 537 1811 amittere,
559 1782 583 1803 et
610 1782 682 1803 tanto
705 1782 823 1814 tempore
847 1784 908 1802 cum

193 1822 292 1850 talibus
304 1822 399 1849 luctari
415 1821 564 1856 doloribus,
580 1820 738 1855 terronbus,
748 1819 839 1852 minis,
850 1830 910 1848 car-

193 1868 309 1901 ceribus,
323 1866 530 1894 abductionibus
550 1865 584 1893 ad
606 1865 736 1899 tribunal,
752 1864 910 1892 carnificum

195 1913 328 1949 inanibus,
347 1911 575 1951 sycophantarum
596 1910 836 1949 impudentissimis
859 1909 910 1938 lin-

195 1959 266 1996 guiS,
282 1958 419 1994 conviciis,
435 1957 536 1985 salibus
551 1963 575 1984 et
589 1955 786 1984 dicacitatibus.
802 1956 871 1983 Nam
886 1961 912 1983 et

195 2005 246 2032 hoc.
267 2004 416 2032 maximum
441 2002 593 2031 certaminis
613 2012 705 2040 genus,
722 2001 883 2041 poniturque
897 2011 911 2029 a

195 2049 272 2077 beato
288 2049 372 2077 Paulo
397 2049 423 2076 in
443 2058 600 2086 magnorum
615 2047 789 2075 certaminum
809 2046 912 2082 ordine,

47 2102 259 2125 Ileb.10.32.c1nn
280 2098 317 2125 sie
336 2096 392 2124 ait:
409 2097 612 2124 Recordamim'
635 2096 695 2123 dies
716 2097 863 2133 pristinos,
882 2096 913 2122 in

198 2144 301 2181 quibus
312 2142 483 2175 illuminati,
498 2144 597 2179 ingens
613 2147 759 2169 certamen
774 2140 914 2182 afflictio-

200 2199 268 2217 num
292 2189 478 2216 sustinuistis.
503 2186 607 2214 Deinde
636 2193 768 2214 certamen
793 2195 914 2221 narrans,

48 2249 82 2269 sb,
108 2256 127 2270 v.
149 2246 186 2268 33¹
200 2234 288 2274 ipsum
311 2233 385 2272 ponit
407 2233 444 2260 sic
467 2232 728 2260 diecnd0:Parcim
756 2233 915 2270 opprobriis

199 2286 226 2309 et
245 2279 456 2320 {fffflictionibus
476 2278 672 2316 spectaculum
680 2279 763 2317 sacti
783 2290 790 2304 :
808 2279 917 2316 partim

199 2326 446 2354 communicantes
470 2325 520 2358 iis,
546 2325 596 2361 qui
619 2325 661 2351 sic
687 2323 872 2363 affliguntur.
887 2322 917 2352 Si
934 2328 952 2350 B

199 2379 262 2407 ergo
282 2369 327 2407 qui
352 2367 565 2402 communicant,
587 2373 700 2403 certant,
721 2367 806 2395 multo
830 2367 916 2405 magis

198 2415 244 2454 qui
266 2414 403 2443 sustinent.
422 2414 480 2442 Non
502 2412 572 2441 enim
595 2423 687 2450 unam,
704 2419 749 2440 aut
770 2412 853 2450 duas,
871 2420 917 2441 aut

233 2509 245 2526 Ι*
263 2506 349 2538 [Savil
370 2506 393 2530 in
406 2514 485 2537 marg.
499 2506 539 2536 or]

232 2555 240 2564 ι’
259 2546 299 2570 Sic
310 2546 333 2569 M
347 2554 357 2569 s
381 2553 473 2569 omnes.
487 2545 516 2568 In
531 2542 610 2568 Editis
621 2546 657 2568 καὶ
674 2547 793 2576 dna-:farma
805 2542 882 2568 deest.

733 165 912 188 cnRYsosT.
942 164 960 187 A
967 166 1097 189 RCHIEP.
1125 166 1251 190 CONSTA
1258 167 1393 190 lvrmot’.

952 228 1001 265 ρῶς
1014 226 1060 264 μὲν
1076 230 1142 265 ὑμᾶς
1156 229 1251 261 πάντες
1262 231 1434 268 στεφανοῦσι,
1446 227 1490 256 καὶ
1500 227 1721 266 ἄνακηρύττουσι,

952 274 980 301 οὐ
994 272 1064 312 φίλοι
1079 273 1166 311 μόνον,
1181 274 1248 302 ἀλλὰ
1262 274 1307 302 καὶ
1322 274 1395 302 αὐτοὶ
1407 275 1430 302 οἱ
1447 273 1547 312 ἐχθροὶ,
1565 273 1629 302 1’καὶ
1640 277 1723 302 ταῦτα

954 317 1195 350 κατασκευάζοντες
1205 329 1210 335 ·
1226 319 1248 346 εἷ
1266 318 1312 346 καὶ
1331 318 1367 356 μὴ
1381 320 1513 357 φανερῶς,
1528 317 1576 346 κᾶν
1591 329 1629 349 τις
1644 319 1727 345 αὐτῶν

956 361 1111 396 ἀναπτύξειε
1127 362 1157 391 τὸ
1171 363 1300 399 συνειδὸς,
1314 363 1380 392 πολὺ
1394 363 1438 392 καὶ
1452 365 1515 403 παρ’
1530 363 1636 395 ἐκείνοις
1652 364 1724 399 ὑμῶν

952 407 1058 446 εὑρήσει
1067 408 1097 436 τὸ
1108 410 1207 446 θαῦμα.
1221 410 1345 437 Τοιοῦτον
1358 408 1408 448 γὰρ
1421 408 1500 447 ἀρετὴ
1510 431 1517 444 ,
1529 408 1574 436 καὶ
1586 407 1660 446 παρὰ
1671 411 1726 439 τοῖς

952 454 1110 490 πολεμοῦσιν
1133 453 1212 488 αὐτὴν
1234 453 1408 490 θαυμάζεται·
1427 457 1542 482 τοιοῦτον
1565 452 1659 488 κακία,
1677 452 1725 480 καὶ

953 498 1026 537 παρὰ
1046 503 1099 531 τοῖς
1123 502 1254 536 μετιοῦσιν
1276 498 1355 533 αὐτὴν
1371 498 1603 536 καταγινώσκεται.
1619 497 1671 527 Καὶ
1692 497 1727 526 τὰ

955 544 1002 582 μὲν
1023 546 1132 572 ἐνταῦθα
1146 547 1269 579 τοιαῦτα,
1284 544 1317 572 τὰ
1329 543 1356 572 δὲ
1374 545 1400 572 ἓν
1412 546 1526 584 οὐρανοῖς
1540 544 1578 576 τίς
1589 545 1727 582 παραστῆ-

955 601 1000 618 σαι
1017 590 1156 625 δυνήσεται
1167 589 1257 628 λόγος;
1271 589 1466 628 Ἐγγέγραπται
1478 592 1550 628 ὑμῶν
1562 589 1594 618 τὰ
1610 589 1726 627 ὀνόματα

957 637 983 664 ἐν
1000 635 1084 674 βίέλῳ
1101 637 1168 670 ζωῆς
1177 658 1184 671 ,
1197 634 1264 673 μετὰ
1275 637 1326 663 τῶν
1341 635 1422 674 ἁγίων
1432 635 1647 673 κατηριθμήθητε
1660 645 1727 673 μαρ-

955 680 1048 720 τύρων.
1063 676 1132 709 Οἶδα
1147 683 1231 709 ταῦτα
1251 680 1302 719 ἐγὼ
1327 683 1431 720 σαφῶς,
1445 682 1490 709 οὐκ
1504 682 1540 713 εἷς
1553 680 1596 708 τὸν
1619 680 1726 719 οὐρανὸν

957 726 1070 761 ἀναὸὰς,
1086 728 1144 755 ἀλλ’
1167 726 1219 755 ἀπὸ
1243 726 1316 755 θείων
1342 726 1408 755 αὐτὰ
1429 726 1518 764 μαθὼν
1540 728 1678 765 χρησμῶν.
1694 726 1729 753 Εἰ

956 771 1006 811 γὰρ
1019 774 1031 800 ὁ
1049 771 1127 811 γάμῳ
1141 772 1367 811 παρανομουμένῳ
1379 771 1534 812 παραστὰς,
1547 771 1590 799 καὶ
1607 770 1643 808 μὴ
1658 770 1729 809 διορ-

957 820 1039 846 θῶσαι
1061 818 1177 852 δυνηθεὶς
1188 817 1235 852 τὴν
1255 818 1430 856 παρανομίαν,
1446 818 1503 845 ἀλλ’
1526 815 1627 854 ἐλέγξαι
1647 815 1728 850 αὐτὴν

957 863 1045 901 μόνον,
1059 865 1072 892 ὁ
1089 865 1135 898 τῆς
1151 862 1254 902 στείρας
1269 863 1383 901 καρπὸς,
1399 865 1412 891 ὁ
1427 865 1474 897 τῆς
1493 862 1591 900 ἐρήμου
1604 860 1729 901 πολίτης,

957 908 1047 943 ἐπειδὴ
1071 908 1114 936 διὰ
1127 911 1203 936 τοῦτο
1217 908 1246 936 τὸ
1272 907 1449 946 δεσμωτήριον
1470 908 1578 946 ςῷκησε
1595 907 1640 935 καὶ
1663 908 1731 935 ἀπε-

957 954 1045 992 τμήθη
1055 976 1062 989 ,
1080 954 1124 982 καὶ
1149 954 1262 993 μάρτυς,
1280 953 1325 981 καὶ
1347 953 1484 992 μαρτύρων
1500 955 1513 981 ὁ
1527 952 1629 991 πρῶτός
1644 954 1730 980 ἐστιν·

957 1002 1031 1038 ὑμεῖς
1046 1002 1069 1028 οἱ
1081 1000 1169 1038 νόμοις
1179 999 1300 1039 πατέρων
1313 999 1357 1027 καὶ
1369 1002 1472 1036 θεσμοῖς
1486 998 1675 1038 παραὲαθεῖσι,
1685 997 1730 1026 καὶ

958 1045 1084 1084 ἱερωσύνῃ
1110 1044 1308 1084 ἐπηρεαζομένῃ
1333 1044 1377 1073 καὶ
1398 1043 1618 1083 παρανομουμένῃ
1644 1055 1731 1082 παρα-

945 1091 1082 1126 στάντες,
1103 1091 1148 1119 καὶ
1162 1095 1274 1120 τοσαῦτα
1298 1090 1423 1123 παθόντες
1445 1089 1510 1129 ὑπὲρ
1536 1089 1672 1125 ἀληθείας,
1686 1080 1733 1117 xm}

959 1140 1003 1166 τοῦ
1025 1138 1104 1165 λῦσαι
1129 1136 1302 1176 συκοφαντίας
1324 1135 1508 1174 ἀναισχύντους
1531 1134 1626 1170 οὕτως,
1645 1134 1732 1169 ἐννοή-

961 1194 1023 1212 σατε
1051 1182 1145 1217 ἡλίκην
1167 1183 1280 1221 λήψεσθε
1302 1181 1349 1216 τὴν
1372 1181 1495 1218 ἀμοιὲήν.
1510 1181 1569 1209 Οὐκ
1590 1179 1672 1213 ἔξεστί
1690 1191 1732 1210 σοι

961 1228 1030 1267 ἔχειν
1050 1228 1097 1263 τὴν
1113 1232 1222 1266 γυναῖκα
1241 1226 1379 1255 Φιλίππου
1402 1230 1446 1255 τοῦ
1462 1227 1572 1265 ἀδελφοῦ
1595 1237 1656 1261 σου,
1676 1221 1732 1254 εἷπε

963 1272 975 1288 ‘¹
984 1277 1060 1302 τοῦτο
1074 1275 1087 1302 ὁ
1100 1277 1216 1311 γενναῖος
1231 1274 1326 1304 ἐκεῖνος
1342 1271 1386 1301 καὶ
1399 1272 1496 1310 ὑψηλὸς
1511 1271 1586 1310 ἀνὴρ,
1597 1271 1641 1299 καὶ
1654 1271 1732 1309 ἤρκε-

961 1332 1004 1348 σεν
1019 1321 1091 1358 αὐτῷ
1105 1319 1169 1358 πρὸς
1181 1318 1330 1357 παρρησίαν
1347 1318 1454 1356 ἄφατον.
1473 1317 1573 1345 Εἴπατε
1587 1317 1631 1345 καὶ
1645 1318 1732 1354 ὑμεῖς,

961 1364 1098 1405 πρόκειται
1120 1366 1196 1401 ἡμῶν
1222 1364 1256 1391 τὰ
1284 1363 1397 1401 σώματα
1428 1362 1565 1398 κολάσεσι,
1591 1362 1732 1400 τιμωρίαις

963 1411 1085 1449 βασάνοις
1096 1422 1101 1427 ·
1118 1410 1241 1438 ἀνάλισκε
1254 1432 1261 1444 ,
1277 1409 1382 1437 δαπάνα
1399 1411 1500 1436 θταῧτα
1514 1408 1652 1446 τιμωρίαις
1667 1407 1733 1440 οἵαις

964 1457 1068 1495 βούλει·
1083 1459 1252 1494 συκοφαντεῖν
1276 1455 1326 1492 οὔχ
1348 1454 1505 1493 αἱρούμεθα,
1529 1453 1596 1482 ἀλλὰ
1618 1453 1734 1488 ἀποθνή-

963 1513 1034 1530 σκειν
1052 1501 1185 1541 μυριάκις.
1205 1501 1276 1530 Ἀλλ’
1293 1501 1338 1528 οὐκ
1355 1500 1543 1538 ἀπετμήθητε,
1565 1499 1632 1528 ἀλλὰ
1643 1500 1733 1538 πολλῷ

962 1548 1137 1587 χαλεπώτερα
1157 1548 1311 1576 πεπόνθατε.
1325 1548 1365 1575 Οὐ
1387 1546 1438 1585 γάρ
1453 1547 1522 1574 ἐστιν
1543 1546 1597 1574 ἴσον
1621 1547 1647 1574 ἐν
1669 1547 1734 1585 βρα-

963 1594 1023 1633 χείᾳ
1035 1597 1128 1632 καιροῦ
1144 1595 1210 1632 ῥοπῇ
1231 1592 1346 1632 κεφαλὴν
1369 1593 1524 1627 ἀποθέσθαι,
1539 1592 1584 1620 καὶ
1597 1591 1735 1624 τοσαύταις

964 1640 1008 1668 ἐπὶ
1020 1639 1134 1678 τοσούτῳ
1150 1638 1236 1678 χρόνῳ
1261 1637 1384 1667 παλαίειν
1406 1637 1523 1673 ὀδύναις,
1538 1637 1639 1676 φόῧοις,
1656 1639 1735 1665 ἀπει-

963 1686 1034 1719 λαῖς,
1053 1684 1256 1723 δεσμωτηρίοις,
1281 1686 1453 1721 ἀπαγωγαῖς,
1473 1683 1666 1721 δικαστηρίοις,
1688 1683 1735 1717 δη-

965 1730 1031 1768 μίων
1062 1730 1154 1768 χερσὶ,
1184 1730 1349 1767 συκοφαντῶν
1381 1728 1563 1766 ἀναισχύντοις
1594 1727 1738 1765 γλώτταις,

963 1774 1087 1808 ὀνείδεσι,
1104 1773 1261 1812 λοιδορίαις,
1282 1772 1437 1811 σκώμμασι.
1460 1773 1511 1801 Καὶ
1529 1773 1636 1812 γὰρκαὶ
1660 1776 1736 1801 τοῦτο

965 1820 1086 1859 μέγιστον
1100 1820 1178 1847 ἄθλου
1191 1815 1256 1851 εἶδος
1266 1842 1274 1853 ,
1283 1819 1328 1847 καὶ
1340 1818 1442 1852 τίθησιν
1458 1819 1519 1846 αὐτὸ
1532 1820 1557 1846 ἐν
1567 1818 1639 1850 τάξει
1649 1817 1736 1855 μεγαί-

964 1867 1015 1895 λων
1030 1864 1136 1904 ἀγώνων
1151 1868 1164 1894 ὁ
1180 1864 1307 1903 μακάριος
1326 1865 1446 1899 Παῦλος,
1457 1863 1524 1892 οὕτω
1539 1863 1622 1902 λέγων
1635 1875 1641 1880 ·
1654 1864 1734 1891 Ἀνα-

966 1911 1145 1948 μιμνήσκεσθε
1156 1910 1203 1942 τὰς
1217 1909 1343 1948 πρότερον
1355 1908 1470 1948 ἡμέρας,
1483 1911 1508 1937 ἐν
1518 1904 1557 1940 αἷς
1565 1908 1736 1947 φωτισθέντες

968 1956 1069 1990 πολλὴν
1085 1957 1194 1991 ἄθλησιν
1209 1955 1366 1993 ὑπεμείνατε
1381 1954 1554 1991 παθημάτων.
1571 1949 1637 1982 Εἶτα
1652 1953 1736 1992 λέγων

965 2001 1012 2036 τὴν
1026 2001 1092 2036 ἅθλη
1099 2013 1150 2035 σιν,
1167 2003 1241 2029 τοῦτο
1252 2000 1374 2035 τέθεικεν,
1387 1999 1466 2032 οὕτως
1481 1999 1560 2028 εἰπών
1570 2011 1576 2017 ·
1592 2000 1677 2027 Τοῦτο
1689 1998 1735 2036 μὲν

967 2048 1121 2085 ὀνειδισμοῖς
1135 2046 1180 2075 καὶ
1198 2046 1300 2084 θλίψεσι
1322 2046 1532 2084 θεατριζόμενοι,
1545 2049 1620 2074 τοῦτο
1634 2044 1660 2073 δὲ
1679 2056 1737 2073 κοι-

968 2093 1043 2121 νωνοὶ
1055 2094 1106 2121 τῶν
1119 2092 1200 2123 οὕτως
1214 2090 1369 2130 πασχόντων
1380 2091 1537 2129 γενηθέντες.
1553 2091 1586 2119 Εἰ
1603 2090 1629 2119 δὲ
1647 2092 1670 2119 οἱ
1681 2101 1736 2118 κοι-

968 2138 1131 2173 νωνήσαντες
1141 2137 1268 2172 ἦθλησαν,
1281 2138 1370 2176 πολλῷ
1388 2137 1485 2173 μᾶλλον
1501 2137 1524 2164 οἱ
1539 2135 1735 2173 ὑπομείναντες.

970 2184 1039 2214 Οὐδὲ
1051 2184 1102 2222 γὰρ
1119 2183 1178 2218 ἕνα,
1189 2183 1233 2211 καὶ
1246 2182 1304 2217 δύο,
1316 2182 1360 2210 καὶ
1371 2186 1454 2220 τρεῖς,
1470 2180 1537 2210 ἀλλὰ
1551 2180 1660 2213 πολλοὺς
1673 2182 1738 2209 ὓπο-

971 2229 1136 2268 μεμενήκατε
1150 2227 1274 2259 θανάτους
1288 2229 1320 2265 τῇ
1331 2226 1423 2265 γνώμῃ
1435 2248 1442 2262 ,
1459 2225 1536 2254 εἶκαὶ
1553 2225 1589 2263 μὴ
1606 2227 1638 2263 τῇ
1651 2225 1739 2265 πείρᾳ.

971 2275 1082 2314 Χάρητε
1097 2273 1181 2302 τοίνυν
1195 2272 1239 2301 καὶ
1250 2271 1408 2310 σκιρτήσατε
1419 2282 1424 2288 ·
1441 2273 1518 2299 τοῦτο
1533 2270 1583 2309 γὰρ
1599 2272 1611 2298 ὁ
1625 2272 1676 2298 τῶν
1693 2271 1741 2298 οὖ-

976 2323 1059 2360 ρανῶν
1077 2319 1212 2353 Δεσπότης
1227 2317 1346 2346 ἐκέλευσε
1358 2339 1365 2351 ,
1376 2316 1412 2355 μὴ
1428 2316 1504 2354 μόνον
1519 2315 1555 2353 μὴ
1567 2317 1664 2354 ἀλγεῖν,
1673 2315 1741 2353 μηδὲ

971 2365 1155 2399 καταπίπτειν,
1172 2363 1240 2392 ἀλλὰ
1260 2362 1306 2391 καὶ
1325 2366 1444 2400 σκιρτᾷν,
1471 2361 1516 2390 καὶ
1539 2361 1656 2397 ἥδεσθαι,
1677 2361 1739 2391 ὅταν

972 2413 1055 2449 ὄνομα
1076 2410 1189 2448 πονηρὸν
1209 2410 1283 2446 ὑμῶν
1307 2407 1479 2436 ε’κὸοίλλωσιν.
1494 2408 1527 2436 Εἰ
1547 2406 1573 2436 δὲ
1595 2407 1638 2436 ἐπὶ
1662 2418 1739 2436 συκο-

1011 2503 1023 2522 d
1042 2501 1138 2534 [Savil.
1153 2503 1199 2526 εἶπε
1213 2501 1286 2532 τότε]

1011 2547 1019 2556 ‘
1037 2542 1106 2566 Unus
1118 2544 1189 2566 ταῦτα
1204 2544 1296 2572 τιμώρει
1310 2540 1345 2563 σύ·
1360 2541 1377 2563 εἶ
1389 2540 1474 2570 βούλει.
