1843 2810
219 198 286 231 310
535 207 564 229 S.
594 207 732 230 JOANNJS
757 206 937 230 CHRYSOST.
968 205 1122 229 ARCHIEP.
1153 206 1420 231 CONSTANTINOP.

786 432 1191 495 MONITUM

346 586 410 623 AD
437 587 556 622 TRES
582 585 859 633 SEQUENTES
884 585 1110 621 HOMILIAS
1137 585 1185 620 IN
1212 585 1353 621 ILLUD
1380 585 1627 630 APOSTOL1‚

516 713 744 742 JJABENTES
763 712 921 741 AUTEM
939 711 1131 740 EUMDEM
1147 712 1359 748 SPIRITUM,
1376 711 1460 740 ETc.

257 834 296 861 An
310 833 493 872 Chrysostomi
508 833 561 862 sint
573 843 653 862 necne
666 840 717 861 tres
729 838 866 870 sequentes
882 831 999 860 homiliae
1011 841 1091 859 ausus
1107 837 1144 859 est
1158 831 1293 870 quispiam
1313 831 1448 869 dubitare,
1466 842 1527 859 cum
1544 838 1631 859 tamen
1646 830 1682 859 ita
1697 841 1754 860 sese

215 878 311 917 prodat
325 879 508 918 Chrysostomi
528 879 615 918 stylus
626 902 633 916 ,
644 879 743 914 dictio,
758 885 862 917 tropus,
877 884 907 905 ut
926 877 948 905 si
963 877 1022 914 quis
1036 877 1080 905 vel
1101 877 1265 915 primoribus
1286 877 1368 905 labris
1388 878 1444 915 ejus
1467 878 1606 905 conciones
1623 877 1751 915 attigerit,

215 924 339 952 cumdem
358 925 446 964 ipsum
461 925 490 953 S.
514 925 649 953 doctorem
667 925 818 963 loquentem
840 923 930 952 statim
950 929 1084 960 agnoscat.
1100 922 1249 950 Dubitandi
1270 933 1354 951 causae
1372 922 1430 951 viro
1445 923 1564 961 alioquin
1586 923 1664 951 docto
1676 929 1701 950 et
1715 923 1755 951 sa-

216 970 304 998 cundo
318 970 474 1009 hujusmodi
489 970 578 999 suere:
595 970 666 1008 quod
680 981 772 1009 nempe
783 970 827 998 hic
840 969 1008 997 concionator
1022 968 1093 996 hom.
1111 969 1134 1005 l,
1151 978 1224 996 num.
1237 969 1266 1003 5,
1285 968 1504 1007 Semipelagianis
1517 969 1604 997 favere
1619 968 1753 1003 videatur,

215 1025 277 1044 cum
292 1015 366 1052 dicit,
382 1016 415 1044 dc
430 1016 505 1044 initio
520 1016 583 1044 fidei
600 1017 709 1054 loquens
722 1028 727 1043 :
740 1017 841 1054 Neque
855 1017 931 1042 enim
942 1015 1030 1046 Deus,
1043 1023 1134 1051 neque
1145 1013 1268 1051 Spiritus
1281 1015 1379 1051 gratia
1398 1022 1527 1041 nostrum
1537 1015 1677 1052 praevenit
1691 1023 1755 1051 pro-

213 1063 339 1099 positum
351 1073 360 1088 :
375 1063 427 1091 sed
439 1064 554 1090 tametsi
566 1069 659 1098 vocet,
675 1067 822 1100 aspectat
838 1067 936 1088 tamen
953 1065 984 1087 uc
998 1065 1101 1097 sponte
1113 1065 1139 1086 et
1149 1060 1268 1096 propria
1279 1059 1435 1087 voluntate
1449 1060 1632 1093 accedamus,
1645 1069 1680 1087 ac
1695 1065 1756 1086 tum

215 1107 341 1144 demum,
360 1118 425 1135 cum
444 1109 658 1142 accesserimus,
677 1108 755 1134 nobis
771 1116 855 1134 suum
871 1112 962 1133 totum
983 1105 1098 1133 exhibet
1121 1105 1277 1132 auxilium.
1295 1106 1397 1134 Verum
1417 1111 1475 1132 tum
1492 1115 1526 1133 ex
1546 1104 1756 1144 praecedentibus

215 1151 491 1190 subsequentibusque
511 1152 561 1180 hac
576 1152 602 1179 in
617 1151 727 1179 homilia
743 1150 928 1190 Chrysostomi
953 1149 1050 1185 verbis,
1063 1156 1121 1177 tum
1134 1149 1213 1177 etiam
1227 1160 1262 1177 ex
1274 1149 1335 1178 aliis
1355 1149 1418 1177 huic
1432 1150 1564 1178 similibus
1586 1160 1634 1189 per
1649 1149 1757 1178 diversa

215 1197 272 1236 ejus
284 1207 362 1236 opera
375 1197 504 1237 dispersis
517 1198 582 1226 locis
595 1196 772 1226 demonstrari
787 1203 882 1235 potest,
897 1196 957 1225 licet
972 1206 1024 1224 non
1038 1206 1121 1234 pauca
1138 1206 1195 1233 quae
1209 1206 1290 1234 supra
1304 1195 1383 1223 dictis
1397 1195 1671 1232 consonant,subinde
1684 1195 1756 1234 apud

215 1242 439 1282 Chrysostomum
453 1250 604 1280 occurrant,
618 1253 680 1271 eum
691 1249 778 1271 tamen
794 1252 856 1271 vere
870 1241 905 1270 ad
916 1241 1023 1269 initium
1035 1239 1098 1268 fidei
1113 1240 1203 1278 gratiae
1218 1241 1351 1269 auxilium
1362 1241 1538 1270 necessarium
1549 1252 1604 1270 esse
1613 1240 1752 1269 censuisse.

214 1289 285 1323 Quia
302 1300 364 1318 vero
380 1300 438 1327 quae
454 1288 488 1317 ad
509 1289 623 1328 gratiam
637 1295 772 1327 spectant,
790 1287 909 1316 nondum
923 1287 949 1314 in
966 1285 1174 1314 controversiam
1188 1293 1293 1319 vocata,
1309 1286 1422 1314 necdum
1437 1294 1510 1315 erant
1525 1287 1603 1315 certis
1617 1297 1715 1315 vocum
1726 1286 1756 1314 li-

215 1334 327 1363 mitibus
350 1335 550 1373 circumscripta
560 1357 569 1369 ,
584 1333 644 1362 ideo
666 1334 756 1371 aliqua
776 1333 874 1361 similia
898 1331 971 1371 apud
986 1332 1218 1371 Chrysostomum‚
1236 1331 1293 1360 haec
1307 1332 1393 1360 obiter
1412 1332 1574 1370 loquentem,
1589 1338 1733 1362 occurrunt
1746 1343 1753 1368 ;

217 1379 289 1408 unde
304 1380 325 1408 si
340 1380 400 1418 quis
421 1380 485 1408 hinc
501 1380 601 1412 νοθείας
613 1379 769 1408 sententiam
782 1379 856 1414 serat,
868 1378 890 1406 is
911 1377 989 1416 plane
1002 1377 1030 1405 in
1043 1377 1072 1405 S.
1093 1376 1209 1405 doctoris
1223 1377 1330 1416 scriptis
1345 1387 1400 1405 sese
1418 1378 1587 1416 peregrinum
1606 1387 1661 1406 csse
1684 1387 1756 1405 com-

216 1425 319 1463 probet.
331 1426 435 1455 Verum
449 1425 517 1453 alius
530 1425 565 1453 ad
586 1424 643 1452 haec
657 1424 743 1452 fusius
764 1422 949 1462 pertractanda
964 1423 1039 1451 nobis
1054 1429 1092 1451 est
1107 1422 1265 1451 constitutus
1283 1422 1364 1451 locus.
1379 1423 1468 1451 Aliam
1491 1423 1633 1452 dubitandi
1648 1433 1755 1451 causam

217 1470 326 1498 effertis
344 1470 400 1509 ipsc
411 1470 456 1508 qui
473 1470 589 1509 priorem
602 1470 713 1508 protulit
729 1481 734 1496 :
753 1469 810 1498 Sub
826 1469 933 1497 initium
948 1468 1030 1497 tertiae
1048 1468 1176 1504 homssice,
1191 1468 1278 1506 inquit
1295 1468 1349 1503 ille,
1365 1469 1409 1497 hic
1425 1469 1539 1508 scriptor
1557 1469 1632 1505 dicit,
1646 1479 1660 1496 a
1678 1468 1755 1496 Pauli

217 1522 335 1554 tempore
348 1515 505 1553 quingentos
515 1516 617 1554 elapsos
634 1525 717 1543 annos
735 1524 806 1552 esse,
822 1525 881 1552 quae
896 1514 974 1552 longe
997 1513 1169 1541 recentiorem
1184 1513 1374 1552 Chrysostomo
1389 1521 1524 1542 auctorem
1541 1520 1663 1552 arguant.
1681 1513 1756 1541 Hanc

217 1571 281 1590 vero
298 1561 400 1589 nullam
416 1571 471 1589 esse
481 1560 624 1588 dubitandi
639 1560 769 1588 rationem
792 1559 881 1587 statim
903 1559 1032 1595 advertet,
1046 1558 1169 1596 quisquis
1190 1559 1297 1587 lectioni
1313 1559 1497 1598 Chrysostomi
1519 1566 1647 1595 assuetus,
1658 1569 1753 1598 perpe-

218 1613 291 1634 tuam
302 1606 358 1645 ejus
373 1606 399 1634 in
414 1616 545 1634 annorum
558 1605 666 1634 calculis
682 1605 869 1643 negligentiam
881 1603 1069 1634 observaverit.
1083 1604 1128 1631 Sic
1143 1614 1194 1632 non
1207 1604 1285 1632 semel
1297 1604 1342 1632 illc
1352 1615 1434 1633 annos
1449 1604 1607 1643 quingentos
1621 1610 1756 1633 enumerat

219 1663 234 1680 a
256 1659 386 1691 postrema
411 1652 501 1691 templi
525 1651 742 1691 Jerosolymitani
767 1650 955 1687 destructione,
980 1660 1039 1688 quae
1065 1649 1166 1687 aliquot
1193 1650 1270 1678 annis
1286 1650 1362 1678 Pauli
1385 1656 1497 1678 mortem
1522 1650 1684 1688 subsequuta
1707 1656 1754 1678 est.

219 1698 264 1726 Sic
281 1705 306 1726 et
328 1697 393 1725 alibi
413 1697 513 1736 passim
535 1697 734 1736 ἀναχ-ρονισμοὶ,
752 1697 778 1725 ἰη
801 1696 930 1736 scriptore
950 1705 1044 1734 nempe
1069 1701 1220 1734 temporum
1246 1695 1375 1724 rationem
1396 1706 1493 1735 parum
1517 1703 1633 1733 curante,
1659 1695 1755 1734 depre-

218 1743 386 1771 hcnduumr.

260 1788 408 1817 Antiochiae
423 1788 528 1817 habitas
540 1788 622 1817 fuisse
640 1795 692 1817 tres
712 1788 790 1816 hasce
805 1787 952 1823 conciones,
964 1792 1081 1824 arguunt
1097 1797 1135 1823 ea,
1150 1797 1208 1824 quae
1222 1785 1256 1815 de
1272 1787 1409 1815 monachis
1430 1786 1521 1824 habet,
1534 1786 1660 1815 verticem
1675 1796 1756 1814 mon-

173 1843 210 1861 260
220 1835 287 1863 tium
300 1834 503 1873 occupantibus,
518 1844 690 1873 asperamquc
705 1833 766 1862 vitm
781 1833 910 1861 rationem
921 1832 1070 1870 agentibus.
1086 1833 1161 1868 Quos
1177 1842 1239 1860 saue
1252 1832 1393 1860 monachos
1411 1832 1437 1860 in
1452 1832 1549 1861 vicinis
1561 1832 1697 1860 montibus
1708 1831 1756 1860 de-

219 1888 319 1919 gentes,
334 1880 360 1908 in
373 1880 545 1908 Antiochenis
560 1880 680 1908 homiliis
694 1890 762 1918 saepe
780 1885 967 1907 commemorat
980 1901 988 1912 ,
1005 1888 1079 1905 secus
1096 1877 1197 1905 veroin
1209 1877 1518 1916 Constantinopolitanis.
1534 1879 1575 1905 De
1588 1887 1656 1905 anno
1667 1883 1755 1904 autem

221 1937 253 1955 ne
275 1927 424 1965 conjectura
445 1926 553 1964 quidem
573 1926 645 1964 loqui
667 1936 817 1964 possumus.
844 1926 874 1953 In
896 1925 967 1952 hisce
987 1933 1066 1962 porro
1086 1923 1204 1951 homiliis
1225 1922 1260 1950 de
1280 1922 1413 1961 eroganda
1434 1923 1597 1961 eleemosyna
1622 1921 1756 1960 praecipuc

220 1973 309 2011 agitur
322 1985 328 2000 z
342 1971 413 2009 quod
429 1978 617 2010 argumentum
628 1982 731 1999 summe
748 1978 786 1999 est
800 1982 814 1999 a
828 1970 1018 2010 Chrysostomo
1033 1969 1235 2006 frequentatum.
1254 1969 1283 1996 In
1299 1968 1422 1996 secundae
1443 1968 1560 1996 homiliae
1573 1968 1662 2007 priore
1680 1973 1756 2005 parte

222 2018 307 2046 multa
330 2025 419 2045 eontra
444 2018 607 2046 Maniehaeos
627 2017 717 2052 essert,
732 2016 908 2056 pluribusque
926 2015 1097 2051 demonstrat,
1112 2016 1198 2044 Vetus
1216 2016 1417 2043 Testamentum
1431 2024 1492 2042 cum
1511 2015 1587 2043 Novo
1604 2022 1755 2049 consonare,

222 2070 301 2101 atquc
315 2074 397 2091 unum
412 2071 436 2092 et
451 2064 574 2092 eumdem
588 2074 643 2092 esse
658 2063 797 2101 utriusque
812 2063 1000 2101 legislatorem.

262 2109 445 2148 Interpretatio
456 2109 549 2138 Latina
565 2116 603 2138 est
616 2108 782 2148 Sigismundi
792 2107 907 2146 Gelenii‚
921 2117 1001 2146 quam
1019 2106 1121 2144 aliquot
1138 2106 1164 2134 in
1176 2106 1242 2135 locis
1255 2105 1454 2145 castigavimus.
