1840 2839
466 209 510 231 AD
536 209 595 232 EOS
622 210 675 240 Qt't
710 209 952 234 Scamnhtzs'ri
981 211 1078 233 SUNT.
1108 211 1170 233 Lm.
1202 210 1298 233 UNL'S.
1587 200 1646 247 &qt

115 271 191 309 μόνον
208 271 245 309 μὴ
261 271 501 307 σκανδαλισθέντες,
517 272 585 300 ἀλλὰ
600 272 642 300 καὶ
658 272 821 312 φαιδρότεροι
837 272 881 302 καὶ

116 316 277 356 ἰσχυρότεροι
290 316 372 355 ταύτῃ
388 317 529 355 γινόμενοι.

939 272 1053 301 aliorum
1078 272 1329 301 inconsiderantiam
1351 283 1381 299 ae
1395 271 1526 299 desidiam
1543 272 1582 300 illi
1607 273 1652 310 qui

939 318 1187 358 poterantetattenti
1198 328 1252 346 esse
1260 324 1284 346 ct
1297 317 1402 354 vigiles,
1411 324 1489 355 atque
1502 318 1652 346 innumeras

939 374 971 393 cx
986 364 1028 392 his
1042 363 1144 403 palmas
1160 369 1303 403 reportare,
1315 363 1440 391 deteriori
1460 370 1543 391 essent
1561 364 1653 391 condi-

939 409 1018 446 tione,
1030 421 1090 438 cum
1106 409 1228 438 laborum
1240 409 1348 449 praemia
1363 408 1549 448 rependentur.
1567 409 1653 448 Quip-

938 466 971 494 pe
983 455 1025 484 isti
1038 455 1148 494 quidem
1160 455 1256 494 injuria
1266 454 1482 491 fuissentassecti,
1500 455 1520 482 si
1533 455 1653 482 certami-

938 511 1001 529 num
1014 501 1125 530 istorum
1143 501 1307 530 occasionem
1327 500 1491 537 amisisse-1115
1518 500 1557 528 illi
1582 511 1652 534 vero,

938 546 959 574 si
972 546 1040 583 quid
1061 546 1123 575 inde
1147 546 1238 575 damni
1257 546 1388 583 fecissent,
1404 545 1470 573 nulli
1497 546 1585 581 alteri,
1606 546 1653 574 sed

937 591 1056 631 sibiipsis
1068 592 1248 631 prolapsiones
1263 603 1324 621 suas
1339 592 1471 631 imputare
1486 590 1650 627 debuissent,

935 638 1045 676 ejusque
1057 638 1176 667 criminis
1187 639 1222 667 ab
1237 639 1290 667 illis
1300 638 1416 667 convicti
1427 644 1521 673 essent,
1543 637 1587 676 qui
1600 649 1651 666 non

936 683 1016 712 modo
1026 683 1196 712 scandalizati
1207 694 1256 712 non
1273 684 1394 721 fuissent,
1413 683 1459 711 sed
1479 683 1558 711 etiam
1583 683 1650 711 illu-

933 729 1042 757 striores
1056 728 1119 757 inde
1130 740 1161 757 ae
1172 729 1335 757 robustiores
1343 729 1498 758 evasissent.

972 775 1046 809 Quos
1062 774 1142 812 enim,
1162 785 1261 813 qmeso,
1277 774 1424 803 sacerdotes
1446 774 1541 803 babuit
1563 774 1650 803 Abra-
1661 782 1717 804 Cn.
1735 782 1802 803 xm.

932 820 995 849 ham
1008 821 1021 849 Ξ)
1054 831 1120 859 quos
1145 820 1265 848 doctores
1277 821 1290 848 ἱ)
1319 831 1399 858 quam
1431 820 1622 848 institutionem
1637 813 1753 864 p'wp'nnl
1769 822 1804 848 ως.

932 877 1012 905 quam
1021 866 1251 902 admonitionem?
1267 866 1339 903 qnod
1355 866 1516 894 eonsilium?
1532 865 1650 903 quando·
1661 852 1739 902 ἰἷᾷἧιῖξ
1756 853 1806 895 *iiiii

932 912 1040 951 quidem
1063 923 1149 951 neque
1164 920 1220 940 tum
1238 919 1312 940 erant
1327 912 1422 949 liu-rau,
1451 922 1502 940 nou
1515 912 1569 947 lex,
1599 922 1650 940 non
1663 911 1684 926 ⁰¹
1711 906 1804 929 mmm*

934 959 1080 998 prophetae,
1103 969 1156 987 non
1174 957 1248 986 aliud
1269 957 1416 996 quidquam
1435 957 1584 995 ejusmodi:
1606 957 1653 986 scd
1663 943 1807 996 {iiiffi‘ircsup—

150 778 237 808 Ποίων
250 778 301 818 γὰρ
312 778 401 817 ἱερέων
414 772 565 814 οἷπήλαυσεν
578 781 591 807 ὁ
604 778 733 817 Ἀδραὰμ,
748 779 806 808 εἶπέ
818 791 877 817 μοι;
896 785 913 807 E

110 823 192 852 ποίων
206 824 384 859 διδασκάλων;
395 823 471 856 ποίας
481 824 673 862 κατηχήσεως;
693 824 769 856 ποίας
780 836 816 852 πα
822 836 876 864 ραι-

110 868 220 903 νέσεως;
245 868 322 902 ποίας
346 869 512 907 συμβουλῆς
535 869 631 908 ὅπουγε
654 869 710 898 οὐδὲ
731 869 878 908 γράμματα

109 914 168 943 τότε
181 910 212 949 ἦν
225 937 233 950 ,
247 916 276 943 οὐ
291 914 367 951 νόμος
378 936 386 948 ‚
401 915 430 942 οὐ
438 917 582 954 προφῆται,
594 917 640 944 οὐκ
652 915 716 944 ἄλλο
726 917 777 943 τῶν
790 915 876 944 τοιού-

109 972 161 988 των
180 960 267 989 οὐδέν·
289 960 357 988 ἀλλὰ
374 960 473 989 ἄπλουν
493 961 567 989 ἔπλει
588 961 733 995 θάλατταν,
754 961 799 990 καὶ
820 961 877 990 ὁδὸν

109 1005 204 1034 ὥδευεν
228 1005 341 1044 ἀτριίῖἦ,
366 1007 410 1034 καὶ
430 1009 514 1035 ταῦτα
539 1007 584 1035 καὶ
606 1007 690 1039 οἰκίας
715 1007 759 1035 καὶ
780 1008 878 1046 πατρὸς

111 1052 220 1084 ἀσεὸοῦς
233 1051 412 1090 γεγενημένος.
435 1051 503 1080 Ἀλλ’
521 1052 593 1081 οὐδὲν
610 1052 685 1081 αὐτὸν
698 1056 783 1082 ταῦτα
797 1053 879 1093 παρέ-

110 1098 221 1133 ὂλαψεν,
244 1097 311 1125 ἀλλὰ
326 1100 448 1126 τοσοῦτον
465 1097 583 1137 ἔλαμψεν
605 1099 702 1136 ἀρετῇ,
717 1100 752 1131 ὡς
775 1099 790 1126 ἃ
812 1099 878 1136 μετὰ

112 1144 212 1183 μακρὸν
225 1144 327 1183 χρόνον,
342 1143 408 1182 μετὰ
423 1144 575 1183 προφήτας,
590 1144 656 1182 μετὰ
668 1143 746 1181 νόμον
756 1165 763 1178 ,
777 1145 821 1173 καὶ
835 1157 878 1173 το-

111 1190 208 1224 σαύτην
223 1189 405 1227 παιδαγωγίαν
416 1212 423 1225 ,
436 1189 468 1223 ἣν
483 1189 525 1218 διὰ
539 1189 654 1227 σημείων
672 1189 716 1217 καὶ
736 1190 876 1227 θαυμάτων

110 1234 286 1273 γεγενημένην
299 1234 406 1272 ἔμελλεν
422 1237 435 1263 ὁ
452 1235 565 1273 Χριστὸς
577 1234 636 1267 τοὺς
649 1235 797 1273 ἀνθριῖ)πους
811 1247 877 1264 παι-

111 1279 202 1314 δεύειν,
221 1283 303 1308 ταῦτα
325 1280 513 1319 “προλα6όντα
535 1281 567 1308 δι’
592 1280 674 1319 ἔργων
690 1280 878 1317 ἐπιδείξασθαι,

110 1325 215 1364 ἀγάπην
236 1325 345 1364 γνησίαν
371 1325 416 1354 καὶ
437 1326 544 1365 θερμὴν,
559 1326 704 1364 χρημάτων
723 1326 878 1364 ὓπεροψίαν,

109 1372 156 1407 τὴν
181 1372 240 1410 περὶ
265 1372 323 1404 τοὺς
339 1372 448 1404 οἰκείους
466 1375 511 1400 τοῦ
533 1371 683 1412 σπέρματος
710 1371 878 1409 κηδεμονίαν·

110 1419 154 1448 καὶ
176 1420 218 1449 τὸν
243 1420 322 1457 τῦφον
343 1417 370 1446 δὲ
393 1418 496 1447 ἅπαντα
519 1417 649 1453 ἐπάτησε,
673 1417 718 1446 καὶ
738 1417 781 1445 τὸν
801 1417 878 1456 ὑγρὸν

110 1464 154 1492 καὶ
169 1464 352 1502 διαλελυμένον
363 1463 531 1502 διεκρούσατο
544 1463 611 1501 βίον,
624 1465 676 1491 τῶν
687 1466 729 1492 νῦν
741 1463 787 1496 τὰς
799 1475 879 1502 κορυ-

110 1509 159 1549 φὰς
176 1512 227 1538 τῶν
246 1512 314 1550 ὀρῶν
335 1509 530 1548 κατειληφότων
551 1510 672 1547 μοναχῶν
692 1508 877 1549 ἀκριίέστερον

109 1557 168 1589 ζῶν.
194 1555 264 1584 Οὔτε
286 1555 338 1594 γὰρ
361 1555 431 1584 οἰκία
452 1551 483 1590 ἦν
509 1555 598 1593 αὐτῷ,
623 1555 680 1582 ἀλλ’
707 1556 724 1588 ἠ
746 1554 807 1582 σκιὰ
826 1557 878 1584 τῶν

110 1602 214 1640 φύλλιον
225 1601 316 1641 ὄροφος
330 1597 360 1636 ἦν
374 1603 412 1640 τῷ
424 1600 517 1640 δικαίῳ
533 1600 578 1629 καὶ
593 1599 672 1638 στέγη
682 1612 688 1617 ·
704 1600 772 1634 οὐδὲ,
786 1600 877 1635 ἐπειδὴ

109 1648 177 1681 ξένος
195 1643 243 1682 ἦν,
267 1647 440 1687 ῥᾳθυμότερος
462 1646 523 1686 περὶ
539 1645 585 1680 τὴν
607 1645 751 1684 φιλοξενίαν
766 1646 877 1684 ἐγένετο,

110 1694 168 1722 ἀλλ’
184 1696 197 1722 ὁ
212 1693 280 1726 ξένος
294 1694 319 1722 ἐν
336 1693 393 1732 ξένῃ
412 1693 486 1732 ἔργον
501 1694 577 1720 τοῦτο
594 1690 692 1726 ἐποίει,
707 1691 736 1720 τὸ
753 1692 878 1727 διηνεκῶς

110 1741 136 1768 ἐν
158 1739 310 1778 μεσημβρία
333 1739 401 1778 με’σῃ
416 1738 475 1770 τοὺς
488 1737 630 1777 παριόντας
646 1737 820 1776 ὑποδέχεσθαι
832 1738 878 1766 καὶ

111 1785 270 1824 θεραπεύειν.
292 1786 345 1814 Καὶ
361 1785 392 1813 δι’
417 1786 509 1813 ἑαυτοῦ
524 1783 554 1811 τὸ
567 1783 641 1823 ἔργον
657 1782 726 1810 ἅπαν
739 1782 800 1817 ἤνυε
810 1805 817 1819 ,
833 1783 878 1811 καὶ

110 1831 157 1866 τὴν
171 1835 283 1870 γυναῖκα
301 1830 422 1859 κοινωνὸν
440 1829 523 1858 ἐποίει
537 1831 584 1864 τῆς
598 1830 681 1863 καλῆς
692 1828 790 1863 ταύτης
809 1841 878 1868 πρα-

110 1876 246 1916 γματείας.
272 1875 308 1905 Τί
330 1875 357 1905 δὲ
375 1875 440 1914 ὑπὲρ
460 1878 505 1904 τοῦ
521 1874 659 1913 ἀδελφιδοῦ
672 1896 679 1909 ,
694 1873 740 1902 καὶ
753 1877 836 1902 ταῦτα
850 1875 878 1903 οὐ

112 1922 278 1957 καθηκόντως
293 1923 364 1960 αὐτῷ
384 1920 554 1959 χρησαμένου
566 1941 573 1955 ,
589 1918 658 1948 ἀλλὰ
675 1923 728 1951 τοῖς
741 1919 880 1957 πρωτείοις

112 1967 339 2002 ἕπιπηδήσαντος,
359 1967 406 1995 οὐκ
427 1965 549 2001 ἐποίησε,
571 1964 616 1993 καὶ
636 1966 721 1992 ταῦτα
744 1964 811 2002 μετὰ
831 1964 877 1999 τὴν

82 2032 83 2035 =
114 2012 212 2051 αἵρεσιν
234 2015 281 2047 τ’ῆς
301 2013 425 2048 ἐκλογῆς;
450 2010 520 2049 Οὐχὶ
545 2011 575 2039 τὸ
592 2006 659 2047 αἷμα
674 2008 794 2047 ἕξέχεεν;
820 2009 880 2047 οὐχὶ

113 2057 172 2090 τοὺς
203 2056 305 2089 οἰκέτας
336 2056 454 2088 ἅπαντας
478 2055 610 2090 ὥπλισεν;
639 2055 685 2083 οὐκ
709 2056 744 2085 εἰς
770 2053 879 2092 φανερὸν

114 2103 228 2132 κίνδυνον
246 2102 336 2130 ἑαυτὸν
351 2100 487 2136 ἓνέὸαλεν;
503 2100 571 2129 ‘'O-re
582 2099 608 2128 δὲ
620 2099 759 2134 ἐκελεύσθη
774 2098 820 2133 τὴν
833 2099 879 2136 μὲν

113 2148 197 2178 οἰκίαν
219 2149 338 2186 ἀφεῖναι,
361 2147 396 2179 εἷς
416 2146 443 2174 δὲ
458 2145 505 2180 τὴν
520 2145 660 2185 ἀλλοτρίαν
675 2146 796 2173 ἀπελθεῖν
807 2166 814 2179 ,
833 2145 880 2172 οὐκ

114 2194 205 2225 εὐθέως
219 2192 369 2228 ὑπήκουσε,
387 2192 432 2221 καὶ
446 2191 561 2231 πατρίδα
583 2190 628 2219 καὶ
651 2190 739 2229 φίλους
756 2189 800 2217 καὶ
818 2201 880 2227 συγ-

113 2243 194 2277 γενεῖς
211 2238 255 2266 καὶ
273 2237 374 2270 πάντας
392 2237 481 2276 ἀφεὶς,
496 2236 542 2265 καὶ
559 2238 596 2275 τῷ
617 2235 804 2274 προστάγματι
823 2246 879 2262 πει-

113 2284 182 2316 σθεὶς
199 2286 243 2312 τοῦ
258 2282 427 2314 κελεύσαντος
440 2305 447 2317 ,
468 2281 501 2310 τὰ
521 2281 567 2319 μὲν
579 2281 646 2315 δῆλα
663 2279 880 2317 καταλιμπάνων,

114 2333 166 2361 τοῖς
189 2328 215 2357 δὲ
243 2328 349 2363 ἀδήλοις
374 2329 464 2366 πολλῷ
493 2325 651 2365 σαφέστερον
673 2324 690 2359 ἢ
716 2328 768 2357 τοῖς
794 2325 881 2360 δήλοις

114 2373 268 2413 προσέχων,
292 2374 334 2402 διὰ
358 2373 405 2407 τὴν
429 2373 572 2411 ὑπόσχεσιν
587 2375 632 2400 τοῦ
653 2372 740 2404 Θεοῦ,
763 2370 827 2408 ὅπερ
849 2366 882 2405 ἦν

115 2420 226 2452 πίστεως
247 2419 448 2457 ἕπιτεταμένης;
475 2417 552 2446 Μετὰ
574 2417 601 2446 δὲ
624 2419 707 2444 ταῦτα
731 2415 818 2444 πάντα
841 2417 881 2452 οὐ,

116 2469 193 2504 λιμοῦ
225 2465 434 2501 καταλαὸόντος,
461 2464 541 2493 πάλιν
576 2462 742 2501 μετανάστης
774 2461 882 2500 ἐγίνετο,

117 2511 161 2540 καὶ
177 2511 223 2539 οὐκ
236 2511 400 2549 ἐθορυὸεῖτο,
423 2509 481 2539 οὐδὲ
497 2509 671 2548 ἐταράττετο,
691 2507 758 2536 ἀλλὰ
773 2507 819 2542 τὴν
837 2509 881 2536 αὖ·

149 2601 158 2612 a
174 2592 219 2617 Alii
233 2596 359 2627 προλαὲών.

934 1004 1053 1033 nondum
1081 1004 1238 1042 navigatum
1269 1014 1340 1031 mare
1365 1003 1529 1041 navigabat,
1555 1009 1580 1030 et
1604 1014 1652 1042 per

934 1050 1007 1079 viam
1018 1049 1127 1078 minime
1137 1050 1228 1078 tritam
1239 1048 1389 1087 incedebat,
1407 1048 1488 1086 idque
1496 1059 1557 1076 cum
1571 1055 1596 1076 et
1607 1048 1653 1076 do-

890 1124 924 1143 4⁴³6
936 1105 989 1130 mo,
1004 1102 1028 1124 et
1040 1102 1114 1134 patre
1126 1095 1210 1134 impio
1221 1101 1298 1122 natus
1314 1101 1390 1124 esset.
1413 1094 1467 1122 Sed
1476 1104 1507 1122 ue
1522 1094 1578 1122 hsce
1591 1094 1652 1132 qui-

897 1138 916 1173 Ᾱ
934 1141 995 1169 dem
1008 1141 1086 1169 illum
1107 1141 1250 1178 laeserunt,
1267 1140 1331 1177 quin
1350 1140 1440 1179 potius
1460 1139 1525 1168 adeo
1553 1139 1653 1168 virtute

934 1187 989 1216 suis
999 1186 1137 1226 praeluxit,
1155 1193 1183 1214 ut
1203 1196 1261 1224 quae
1281 1192 1339 1224 post
1365 1185 1480 1213 multum
1507 1185 1648 1223 temporis,

935 1240 994 1273 post
1017 1232 1171 1272 propbetas,
1195 1238 1255 1271 post
1269 1231 1366 1269 legem,
1382 1238 1407 1259 et
1430 1237 1530 1259 tantam
1554 1231 1651 1259 instru-

936 1279 1059 1315 ctionem,
1071 1289 1122 1316 qua
1138 1289 1186 1317 per
1200 1277 1274 1316 signa
1292 1277 1415 1305 Christus
1425 1284 1449 1305 et
1460 1276 1589 1305 miracula
1607 1276 1652 1304 dc-

935 1325 995 1353 buit
1007 1325 1128 1353 homines
1143 1323 1261 1359 erudire,
1278 1323 1377 1351 borum
1400 1323 1478 1361 longe
1493 1330 1554 1350 ante
1568 1321 1653 1361 speci<

937 1381 996 1399 men
1024 1369 1148 1404 ediderit,
1180 1367 1300 1397 caritatis
1327 1368 1435 1396 sincerae
1469 1378 1500 1396 ac
1529 1367 1653 1403 fervida‘,

936 1415 1055 1455 pecuniae
1072 1421 1229 1450 contemtus,
1247 1424 1317 1441 curm
1334 1424 1426 1441 eorum
1448 1413 1494 1450 qui
1514 1412 1654 1450 sanguinis

935 1468 997 1490 sunt
1029 1460 1183 1500 cognatione
1212 1459 1366 1498 conjuncti:
1390 1465 1415 1487 et
1429 1460 1527 1486 fastum
1549 1468 1654 1486 omnem

935 1507 1108 1544 conculcarit,
1132 1505 1241 1534 mollem
1255 1516 1286 1534 ac
1300 1504 1443 1533 delicatam
1458 1504 1543 1533 vitam
1557 1504 1653 1543 rejece-

935 1553 981 1589 rit,
1005 1552 1164 1581 sanctiorem
1183 1562 1264 1590 quam
1289 1550 1342 1585 illi,
1361 1550 1407 1588 qui
1432 1560 1504 1578 nunc
1522 1550 1653 1578 montium

934 1598 1048 1628 vertices
1063 1603 1227 1636 occuparunt
1236 1596 1371 1630 monachi,
1388 1602 1413 1624 et
1425 1595 1596 1623 austeriorem
1614 1595 1652 1624 vi-

933 1644 1015 1673 vendi
1030 1643 1160 1672 rationem
1177 1641 1347 1681 expresserit.
1365 1642 1434 1669 Nam
1450 1652 1535 1679 neque
1557 1640 1654 1669 domus

933 1691 973 1719 illi
989 1696 1065 1725 erat,
1088 1688 1134 1718 sed
1141 1688 1266 1726 laqueare
1278 1687 1510 1726 tectumquejusto
1527 1687 1654 1715 soliorum

933 1736 1029 1764 umbra
1044 1734 1242 1774 suppeditabat,
1253 1744 1347 1771 neque,
1357 1733 1480 1771 quamvis
1491 1733 1648 1772 peregrinus

933 1789 1011 1820 esset,
1027 1781 1128 1810 ideirco
1144 1779 1321 1818 negligentior
1339 1778 1373 1807 ad
1389 1778 1562 1817 excipiendos
1582 1784 1651 1806 tecto

933 1827 1087 1867 peregrinos
1098 1832 1162 1861 erat,
1177 1825 1223 1853 sed
1233 1834 1344 1863 peregre
1358 1834 1421 1852 cum
1446 1830 1523 1858 esset,
1538 1829 1607 1851 totus
1622 1822 1649 1850 in

933 1872 963 1900 id
977 1870 1149 1899 incumbebat
1157 1868 1256 1908 operis,
1271 1874 1301 1895 ut
1311 1867 1418 1895 assidue
1432 1866 1520 1895 medio
1537 1864 1650 1894 meridie

934 1920 1121 1955 praetereuntes
1140 1912 1274 1951 exciperet
1294 1921 1324 1939 ac
1346 1910 1476 1938 reficeret.
1502 1910 1562 1948 Ipse
1586 1920 1649 1939 vero

934 1970 991 1988 rem
1007 1969 1054 1997 per
1067 1967 1095 1985 se
1109 1966 1215 1984 omnem
1227 1954 1342 1993 gerebat,
1359 1959 1384 1981 et
1399 1963 1512 1981 uxorem
1533 1952 1560 1981 in
1585 1962 1650 1981 con-

935 2004 1047 2033 sortium
1066 2001 1200 2041 praeclarae
1219 1999 1292 2027 illius
1309 1998 1491 2037 occupationis
1514 1998 1647 2027 adscisce-

935 2050 991 2078 bat.
1020 2047 1095 2083 Quid
1106 2057 1169 2076 vero
1186 2056 1234 2085 pro
1245 2044 1334 2073 fratris
1349 2044 1407 2072 filio
1418 2054 1470 2072 non
1491 2044 1562 2081 fecit,
1587 2055 1649 2072 cum

933 2094 1034 2133 alioqui
1049 2104 1112 2127 non,
1135 2099 1165 2120 ut
1186 2090 1316 2130 oportuit,
1328 2090 1362 2118 ah
1380 2100 1410 2118 co
1430 2096 1557 2118 tractatus
1569 2097 1646 2125 esset,

934 2139 980 2169 sed
992 2139 1107 2179 potiores
1121 2138 1167 2166 ille
1186 2143 1275 2176 partes
1303 2136 1355 2164 sibi
1373 2135 1546 2171 vindicasset,
1568 2135 1648 2173 idque

935 2192 994 2225 post
1004 2185 1139 2224 optionem
1150 2182 1240 2211 datam
1253 2181 1409 2210 electionis?
1433 2181 1526 2208 Nonne
1541 2181 1648 2219 sangui-

935 2241 995 2259 nem
1021 2229 1162 2269 profudit?
1196 2238 1282 2256 nonne
1302 2226 1459 2256 vernaculos
1478 2236 1568 2254 omnes
1588 2236 1648 2254 suos

935 2275 1069 2305 armavit?
1078 2284 1164 2303 nonne
1173 2274 1200 2301 in
1208 2279 1330 2312 apertum
1342 2282 1369 2300 se
1379 2271 1526 2300 discrimen
1537 2271 1648 2311 objecit?

936 2324 972 2350 At
993 2331 1046 2359 quo
1064 2327 1182 2359 tempore
1203 2319 1295 2358 jussus
1319 2324 1357 2346 est
1382 2317 1493 2346 domum
1516 2317 1647 2353 deserere,

937 2374 1015 2405 atque
1035 2366 1062 2395 in
1074 2365 1154 2394 aliam
1164 2364 1299 2403 regionem
1310 2362 1455 2402 proficisci,
1465 2372 1552 2390 nonne
1560 2362 1649 2390 statim

937 2413 1037 2452 paruit,
1066 2418 1091 2439 et
1107 2409 1201 2450 patria,
1218 2408 1320 2444 amicis,
1330 2407 1499 2447 propinquis,
1529 2414 1552 2435 et
1564 2407 1649 2435 omni-

937 2459 987 2487 bus
1010 2456 1154 2492 derelictis,
1171 2453 1423 2492 mandatojubentis
1432 2451 1568 2485 obediens⁷
1592 2461 1650 2488 qua:

938 2511 1006 2534 certa
1021 2510 1094 2532 erant
1106 2500 1231 2537 deseruit,
1248 2507 1273 2529 et
1288 2499 1395 2528 incertis
1413 2498 1497 2526 multo
1520 2496 1651 2535 promtius
