1830 2829
704 195 734 216 {N
764 195 847 218 litstrn

77 255 165 294 χώρα,
182 257 242 295 φέρε
261 257 293 292 δὴ
308 257 351 286 καὶ
371 257 471 296 καρπὸν
486 257 661 294 ἐλεημοσύντ,ς
675 258 843 296 βλαστῆσαι-κ-

76 313 132 337 τες,
149 302 192 330 καὶ
213 302 257 331 τὸν
279 303 377 342 στάχυν
394 304 516 340 κομῶντα
539 303 586 338 τῆς
601 303 763 341 συμπαθείας
785 305 844 332 ε’πι-

77 347 236 386 δειξάμενοι,
262 348 453 388 προσ-πέσωμεν
476 350 513 388 τῷ
541 350 661 388 βασιλεῖ,
690 351 789 387 μᾶλλον
817 350 844 379 δὲ

75 393 301 432 παρακαλέσωμεν
318 393 361 423 τὸν
376 393 557 433 φιλάνθρωπον
579 395 656 428 (θεὸν,
673 395 787 434 μαλάξαι
800 396 844 424 τὸν

76 439 158 477 θυμὸν
171 442 216 468 τοῦ
231 439 373 478 βασιλέως,
395 439 439 468 καὶ
460 440 565 475 ἁπαλὴν
578 442 658 469 αὐτοῦ
672 443 781 476 ποιῆσαι
796 441 843 477 τὴν

75 484 194 524 καρδίαν,
209 485 277 514 ὥστε
290 486 432 525 ὁλόκληρον
447 488 511 525 ’ἡμῖν
527 487 614 516 δοῦναι
625 487 672 523 τὴν
688 487 774 526 χάριν.
791 487 843 516 Καὶ

75 530 126 566 ἥδη
142 530 189 569 μὲν
203 531 254 570 γὰρ
269 531 320 560 ἀπὸ
333 533 380 567 τῆς
394 532 494 572 ἡμέρας
509 533 624 569 ἐκείνης,
644 529 675 568 ἧς
696 529 770 566 οὗτος
791 545 841 562 κα-

73 576 182 616 τέφυγεν
207 578 334 614 ἐνταῦθα,
362 579 391 606 οὐ
420 578 502 618 μικρὰ
529 579 633 618 γέγονεν
654 581 670 614 ἡ
691 579 824 617 μεταίῖολή
836 591 842 597 ·

74 622 164 658 ἐπειδὴ
179 623 231 663 γὰρ
244 625 258 652 ὁ
273 623 395 662 βασιλεὺς
408 625 489 663 ἔγνω,
505 624 545 654 ὅτι
559 627 595 658 εἰς
611 625 642 654 τὸ
656 624 752 655 ἄσυλον
766 627 843 654 τοῦτο

73 668 170 708 χωρίον
185 669 334 709 κατέδραμε
344 692 352 704 ,
370 672 415 698 τοῦ
440 671 617 710 στρατοπέδου
639 671 765 710 παρόντος
776 693 783 706 ,
799 672 843 700 καὶ

73 714 280 753 παροξυνομένου
304 715 370 754 ὑπὲρ
390 718 441 744 τῶν
466 717 536 756 αὐτῷ
556 717 842 755 πεπλημμελημένων,

73 760 118 788 καὶ
142 762 176 793 εἰς
202 761 304 800 σφαγὴν
328 761 406 790 αὐτὸν
427 761 578 797 αἰτούντων,
603 763 703 802 μακρὸν
723 763 843 792 ἀπέτεινε

73 806 158 845 λόγον,
177 807 220 836 τὸν
235 807 424 846 στρατιωτικὸν
447 807 633 837 καταστέλλων
651 809 741 847 θυμὸν,
764 810 842 844 ἀξιῶν

73 851 110 889 μὴ
125 852 159 880 τὰ
173 853 354 892 ἁμαρτήματα
369 852 458 891 μόνον,
474 853 542 882 ἀλλὰ
557 854 601 883 καὶ
619 855 644 883 εἴ
663 867 689 884 τι
706 857 776 895 αὐτῷ
796 857 842 895 γε’-

72 909 130 938 γονε
145 897 317 938 κατόρθωμα,
336 899 381 927 καὶ
402 901 479 928 τοῦτο
494 900 658 938 λογίζεσθαι,
670 901 715 930 καὶ
727 906 780 935 τοῖς
794 902 841 940 μὲν

71 943 167 973 εἰδέναι
180 945 257 985 χάριν
271 945 416 984 ὁμολογῶν,
432 945 497 985 ὑπὲρ
513 945 540 975 δὲ
555 948 607 975 τῶν
621 947 714 986 ἑτέρως
727 948 840 987 ἐχόντων

69 991 105 1023 ὼς
125 989 254 1030 ἀνθρώπῳ
279 991 474 1030 συγγινώσκων.
494 991 541 1025 Ὡς
556 991 582 1020 δὲ
603 992 736 1022 ἐπέκειντο
760 994 839 1023 πάλιν

69 1037 106 1068 εἷς
120 1036 235 1064 ἐκδικίαν
250 1039 295 1065 τοῦ
313 1036 469 1076 ὑδρισμένου
487 1037 628 1076 βασιλέως,
645 1040 769 1077 βοῶντες,
785 1051 839 1075 πη-

70 1082 178 1117 δῶντες,
191 1082 301 1111 θανάτου
316 1083 493 1120 μεμνημένοι,
508 1084 552 1112 καὶ
565 1084 598 1112 τὰ
611 1085 707 1123 δόρατα
717 1086 838 1123 σείοντες,

69 1127 157 1167 πηγὰς
178 1128 268 1156 λοιπὸν
292 1128 364 1168 ἀφεὶς
385 1128 503 1168 δακρύων
520 1122 572 1158 {ivre
587 1131 639 1158 τῶν
660 1132 838 1170 ἡμερωτάτων

71 1174 225 1212 ὀφθαλμῶν,
242 1173 286 1202 καὶ
301 1174 452 1213 ἀναμνήσας
473 1177 521 1210 τῆς
544 1177 614 1214 ἱερᾶς
634 1178 780 1215 τραπέζης,
803 1181 838 1211 εἰς

69 1219 100 1254 ἣν
115 1219 269 1258 κατέφυγεν,
284 1220 352 1248 οὕτω
366 1220 413 1256 τὴν
428 1221 508 1259 ὀργὴν
523 1221 682 1250 κατέπαυσε.

104 1441 182 1477 Πλὴν
197 1442 265 1472 ἀλλὰ
277 1443 322 1472 καὶ
335 1445 412 1482 ἡμεῖς
426 1445 458 1474 τὰ
476 1449 538 1485 παρ’
552 1448 652 1476 ἑαυτῶν
665 1449 832 1486 προσθῶμεν,

65 1488 143 1521 Τίνος
155 1488 206 1528 γὰρ
224 1489 254 1525 ᾂν
268 1485 315 1525 ἦτε
334 1490 491 1530 συγγνώμης
506 1492 590 1529 ἄξιοι,
607 1495 630 1522 εἰ
646 1496 690 1522 τοῦ
706 1495 833 1532 βασιλέως

63 1536 108 1562 τοῦ
129 1534 286 1573 ὑδρισμένου
306 1535 342 1573 μὴ
361 1540 597 1575 μνησικακοῦντος,
613 1541 687 1578 ὑμεῖς
707 1541 731 1568 οἱ
751 1541 833 1578 μηδὲν

64 1582 180 1608 τοιοῦτον
194 1580 318 1614 παθόντες
330 1582 459 1619 τοσαύτην
471 1584 551 1623 ὀργὴν
567 1585 764 1619 ῧέπεδείξασθες
777 1589 833 1620 πῶς

65 1626 91 1655 δὲ
113 1628 157 1654 τοῦ
181 1627 288 1666 θεάτρου
313 1627 404 1657 τούτου
424 1629 558 1666 λυθέντος,
584 1633 658 1669 ὑμεῖς
681 1634 831 1672 μυστηρίων

61 1671 171 1710 ἅψεσθε,
198 1673 241 1701 καὶ
269 1673 317 1708 τὴν
343 1675 423 1714 εὐχὴν
447 1677 530 1715 ἐρεῖτε
551 1677 663 1713 ἐκείνην,
683 1680 716 1707 δι’
737 1675 769 1714 ἧς
789 1692 831 1708 κε-

61 1717 188 1756 λευόμεθα
204 1718 303 1757 λέγειν·
319 1720 395 1760 Ἄφες
417 1723 482 1760 ἡμῖν
503 1723 588 1757 καθὼς
603 1725 647 1753 καὶ
662 1727 739 1763 ἡμεῖς
757 1727 829 1766 ἀφίε-

59 1774 107 1800 μεν
121 1767 174 1796 τοῖς
188 1765 334 1804 ὀφειλέταις
349 1769 435 1806 ἡμῶν,
448 1769 491 1797 τὸν
504 1771 577 1807 ὑμῶν
597 1771 734 1810 ὀφειλέτην
749 1774 828 1802 ἀπαι-

57 1811 160 1842 τοῦντες
181 1811 271 1847 δίκην;
288 1813 414 1848 Ἠδίκησε
432 1815 536 1854 μεγάλα
554 1817 598 1845 καὶ
617 1817 739 1856 &epto-su
757 1820 826 1848 Οὐδὲ

57 1856 134 1892 ἡμεῖς
149 1858 315 1896 ἀντεροῦμεν.
335 1859 404 1888 Ἀλλ’
425 1862 453 1890 οὗ
470 1862 638 1901 δικαστηρίου
658 1865 748 1903 καιρὸς
766 1868 825 1903 νῦν,

57 1901 115 1929 ἀλλ’
136 1901 237 1936 ἐλέους·
259 1904 306 1932 οὐκ
326 1905 446 1941 εὐθύνης,
470 1907 538 1936 ἀλλὰ
553 1909 762 1948 φιλανθρωπίας·
779 1912 825 1940 οὐκ

57 1945 213 1984 ἐξετάσεως,
228 1949 296 1978 ἀλλὰ
311 1952 516 1990 συγχωρήσεως-
532 1954 560 1982 οὗ
576 1954 663 1993 ψήφου
679 1955 723 1983 καὶ
739 1955 824 1992 δίκης,

57 1992 126 2020 ἀλλὰ
146 1993 250 2033 οἴκτρου
266 1996 311 2024 καὶ
327 1997 444 2036 χάριτος.
464 1998 509 2034 Μὴ
535 1999 620 2028 τοίνυν
643 2001 826 2040 φλεγμαινέτιι)

57 2049 111 2073 τις,
140 2038 207 2076 μηδὲ
235 2041 443 2080 δυσχεραινέτω,
473 2044 540 2072 ἀλλὰ
565 2046 664 2082 μᾶλλον
691 2047 824 2085 ὃεηθῶμεν

57 2086 102 2112 τοῦ
125 2085 308 2124 φιλανθρώπου
338 2089 424 2124 Θεοῧ,
456 2089 543 2118 δοῦναι
567 2092 638 2130 αὐτῷ
664 2093 825 2130 προθεσμίαν

57 2131 139 2166 ζωῆς,
168 2131 213 2160 καὶ
243 2134 291 2167 τῆς
317 2134 508 2173 ἀπειλουμένης
536 2135 681 2176 ἐξαρπάσαι
708 2141 826 2177 σφαγῆς,

55 2174 124 2204 ὥστε
145 2177 221 2206 αὐτὸν
241 2178 421 2208 ἀποδύσασθαι
440 2180 473 2209 τὰ
495 2183 757 2221 πεπλημμελημένα,
781 2185 826 2213 καὶ

56 2224 128 2260 κοινῇ
148 2223 334 2263 προσέλθωμεν
357 2227 395 2266 τῷ
417 2227 593 2268 φιλανθρώπῳ
614 2230 731 2267 βασιλεῖ,
758 2231 823 2270 ὑπὲρ

56 2268 102 2302 τῆς
116 2267 277 2304 Ἐκκλησίας
287 2293 294 2306 ,
317 2271 383 2311 ὑπὲρ
397 2275 442 2301 τοῦ
457 2274 641 2313 θυσιαστηρίου
652 2297 659 2309 ,
677 2276 722 2303 ἕνα
742 2276 823 2313 ἄνδρα

55 2313 88 2350 τῇ
100 2313 215 2353 τραπέζῃ
227 2317 278 2354 ‘eiii
296 2318 353 2356 ἱερᾷ
366 2321 526 2357 χαρισθῆναι
540 2322 761 2359 παρακαλοῦντες.
776 2322 822 2350 Ἂν

54 2361 130 2388 τοῦτο
143 2361 305 2400 ποιήσωμεν,
324 2363 368 2392 καὶ
389 2365 465 2397 αὐτὸς
479 2367 492 2393 ὁ
508 2365 630 2404 βασιλεὺς
652 2367 822 2403 ἀποδέξεται,

53 2404 97 2433 καὶ
110 2408 123 2434 ὃ
138 2407 206 2440 Θεὸς
225 2409 276 2448 πρὸ
296 2412 343 2438 τοῦ
362 2411 490 2449 βασιλέως
512 2412 687 2448 ἐπαινέσεται,
708 2414 753 2442 καὶ
774 2427 820 2451 με-

52 2449 134 2487 γάλην
145 2454 208 2490 ἡμῖν
219 2456 266 2488 τῆς
277 2457 470 2495 φιλανθρωπίας
484 2458 616 2487 ἀποδώσει
630 2458 678 2493 τὴν
693 2460 816 2496 ἀμοιὸήν.

52 2493 155 2535 “Ὠ.σπερ
169 2498 219 2537 γὰρ
233 2499 277 2528 τὸν
289 2500 360 2539 ὠμὸν
373 2502 416 2530 καὶ
432 2502 605 2541 ἀπάνθρωπον
627 2506 819 2544 ἀποστρέφεται

733 2602 767 2623 :6³
785 2600 789 2603 ¹

91 2594 99 2604 s·
118 2587 211 2618 [Savil-
231 2593 374 2622 ἐπεῦεῑξυος.
390 2593 474 2619 Murci.
490 2601 514 2619 ct
531 2595 620 2620 Monts.
636 2599 727 2628 ἑπιεςῑξ]
761 2620 765 2623 ,
782 2614 788 2629 j

854 196 970 218 orium.
1542 190 1611 237 45¹)

899 259 993 286 vestris
1005 269 1034 286 ae
1045 258 1168 298 lacrymis
1181 259 1287 299 colligo.
1297 260 1520 298 Quandoquidem
1533 264 1614 299 igitur

898 309 970 342 petra
983 302 1070 331 cordis
1082 304 1161 333 vestri
1176 304 1202 333 in
1217 304 1344 343 pinguem
1356 312 1381 334 et
1392 306 1505 334 fertilem
1520 318 1613 345 agrum

897 358 972 377 versa
987 355 1036 386 est⁷
1048 359 1096 388 age
1104 351 1160 389 jam
1173 350 1289 379 fructum
1305 361 1412 389 qnoque
1425 351 1614 382 misericordiae

897 395 1068 433 proferentes,
1093 395 1240 435 uberesque
1265 397 1503 427 commiserationis
1527 399 1614 438 spicas

851 466 886 484 335
897 451 951 479 prae
963 441 1038 470 nobis
1050 442 1169 479 ferentes,
1179 443 1388 481 procumbamus
1402 445 1558 483 Imperatori
1580 446 1614 475 ad

860 494 878 516 Λ
894 496 979 524 genua
1006 498 1012 514 :
1027 487 1070 516 vel
1089 488 1176 527 potius
1194 488 1369 528 deprecemur
1391 489 1612 529 benignissimum

895 533 992 568 Deum,
1004 540 1033 562 nt
1046 534 1150 563 molliat
1160 534 1226 563 iram
1238 535 1420 574 Imperatoris,
1429 543 1454 564 ct
1466 547 1512 565 cor
1527 537 1567 566 illi
1579 544 1614 566 tc-

894 587 988 607 nerum
1000 578 1064 608 (lare
1074 579 1210 618 dignetur,
1222 591 1275 619 quo
1284 580 1351 610 hanc
1364 582 1475 620 gratiam
1484 583 1612 621 integram

894 624 928 652 ab
941 624 999 663 ipso
1011 626 1115 655 auferre
1130 627 1273 666 possimus.
1288 628 1349 657 Jam
1361 629 1432 657 enim
1455 639 1488 657 ex
1503 628 1552 657 illo
1566 628 1610 657 (lic

894 680 947 707 quo
960 671 1011 700 lmc
1024 672 1142 711 confugit
1153 673 1211 708 iste,
1225 683 1278 702 non
1294 685 1375 713 parva
1389 681 1426 703 est
1441 674 1507 703 facta
1524 682 1612 703 muta<

893 715 930 743 tio
943 727 948 743 ε
964 724 1104 755 postquam
1120 718 1190 747 enim
1202 720 1327 758 cognovit
1340 721 1487 760 Imperator
1501 731 1562 750 eum
1578 721 1610 749 ad

893 761 999 800 asylum
1016 763 1066 791 hoc
1085 774 1112 792 se
1131 765 1260 804 recepisse
1272 788 1279 802 ‚
1301 766 1426 795 affluente
1446 767 1565 796 exercitu
1587 775 1611 795 et

892 807 1022 836 concitato
1037 809 1072 837 ol)
1084 811 1142 849 ejus
1154 810 1277 844 crimina,
1295 811 1505 851 deposcenthne
1521 813 1610 842 homi-

891 862 952 881 nem
971 853 1006 882 ad
1019 855 1194 894 supplicium,
1215 857 1322 896 longam
1343 858 1436 887 habuit
1450 859 1608 891 orationem,

891 909 943 937 qna
953 899 1098 930 militarem
1108 901 1509 944 indignationemcompcseeret‚
1519 913 1612 945 postu-

890 944 949 973 lans
973 952 1002 974 ut
1023 956 1074 975 uon
1100 947 1243 987 culparum
1267 949 1359 986 modo,
1383 950 1429 979 sed
1442 951 1521 979 etiam
1543 959 1611 981 recte

891 990 1022 1020 factorum
1042 993 1171 1022 rationem
1194 995 1321 1024 haberent
1341 1009 1346 1024 :
1368 1003 1396 1024 nt
1418 996 1466 1034 qui
1486 1007 1534 1036 pro
1555 998 1610 1026 illis

890 1036 1002 1073 gratiam
1018 1038 1136 1075 haberet,
1152 1047 1177 1068 ct
1188 1039 1210 1068 si
1221 1040 1286 1078 quid
1298 1051 1373 1070 secus
1385 1041 1533 1077 accidisset,
1546 1050 1610 1072 tam-

889 1091 970 1119 quam
982 1083 1084 1113 homini
1094 1085 1285 1123 ignoscendum
1299 1086 1420 1116 duceret.
1437 1088 1509 1117 Cum
1521 1096 1609 1118 autem

889 1129 972 1157 illidc
984 1129 1087 1169 integro
1099 1138 1223 1170 urgerent
1236 1132 1270 1161 ad
1288 1133 1437 1163 vindictam
1452 1135 1507 1163 lzesi
1521 1136 1610 1175 Impe-

890 1175 995 1212 ratoris,
1011 1175 1162 1213 clamantes,
1175 1178 1337 1213 exsilientes,
1349 1179 1384 1208 ad
1398 1187 1510 1209 mortem
1523 1181 1608 1220 depo-

888 1227 1000 1257 scentes,
1014 1221 1103 1251 hastas
1115 1223 1251 1252 vibrantes
1263 1236 1269 1252 :
1282 1231 1338 1253 tum
1350 1235 1413 1254 vero
1427 1226 1512 1255 fontes
1521 1226 1609 1266 lacry-

888 1276 992 1295 marum
1010 1267 1221 1298 clementissimis
1240 1270 1296 1298 suis
1311 1270 1395 1299 oculis
1414 1272 1564 1308 effundens,
1583 1280 1608 1301 et

885 1319 1056 1341 sacrosanctae
1076 1324 1181 1350 mensae,
1203 1314 1238 1344 ad
1256 1326 1337 1353 quam
1356 1317 1518 1356 perfugerat,
1541 1318 1608 1347 reli-

887 1357 991 1395 gionem
1002 1357 1057 1387 illis
1074 1359 1214 1397 incutiens,
1231 1370 1299 1399 :egre
1313 1361 1419 1390 tandem
1433 1363 1500 1392 iram
1514 1374 1606 1393 eorum

886 1403 1000 1432 sedavit.

925 1451 955 1479 5.
977 1450 1174 1480 Admovoamus
1201 1453 1284 1491 igitur
1307 1464 1354 1482 nos
1379 1465 1484 1493 quoqne
1508 1467 1567 1494 quae
1591 1470 1604 1485 a

885 1496 961 1524 nohis
972 1496 1094 1526 adhiberi
1105 1508 1152 1537 par
1163 1505 1212 1526 est.
1224 1500 1284 1535 Qua
1295 1500 1366 1528 enim
1379 1500 1430 1539 ipsi
1442 1502 1518 1530 venia
1528 1502 1602 1541 digni

884 1541 986 1578 essetis,
1002 1542 1036 1579 si,
1054 1543 1218 1583 Imperatore
1238 1545 1378 1584 propriam
1397 1546 1524 1588 injuriam
1538 1559 1605 1577 con-

883 1586 998 1617 donante
1009 1595 1034 1617 et
1040 1589 1136 1623 oblim,
1146 1600 1194 1619 vos
1205 1590 1275 1619 nihil
1288 1592 1339 1620 tale
1350 1595 1420 1631 passi
1430 1593 1457 1621 ln
1470 1593 1509 1622 ira
1523 1594 1604 1623 obsti-

882 1640 941 1662 nate
962 1635 1131 1673 pergeretis?
1152 1643 1198 1664 aut
1219 1637 1356 1675 quomodo
1379 1638 1429 1667 hoc
1451 1641 1602 1678 spectaculo

848 1686 866 1709 C
880 1679 968 1708 soluto
981 1688 1144 1710 sacramenta
1159 1683 1366 1712 contrectabitis:
1383 1691 1408 1713 et
1421 1685 1599 1724 precationem

879 1725 955 1754 illam
978 1725 1082 1761 dicetis,
1106 1737 1159 1765 qna
1183 1738 1276 1767 rogare
1296 1730 1425 1768 jnbemnr
1447 1744 1453 1759 ε
1478 1733 1600 1761 Dimitte

856 999 873 1021 Β

1611 1746 1685 1767 Jliisls·
1709 1747 1732 1767 (ἱ.

879 1772 963 1800 nobis
986 1773 1059 1800 sicut
1084 1779 1111 1801 et
1137 1784 1190 1802 nos
1217 1776 1390 1804 dimittimus
1417 1778 1598 1807 debitoribus
1627 1784 1646 1797 ³*

878 1819 1000 1853 nostri5‚
1021 1818 1044 1847 si
1065 1829 1080 1847 a
1100 1819 1221 1849 debitore
1241 1828 1329 1850 vestro
1352 1833 1443 1861 poenas
1465 1824 1598 1863 exigatis?

875 1863 984 1902 Inj'uriis
1003 1874 1050 1893 vos
1066 1865 1132 1893 forte
1141 1867 1244 1904 magnis
1258 1867 1347 1896 affecit
1361 1878 1392 1896 ac
1405 1869 1598 1897 contumeliis?

875 1909 916 1936 Ne
929 1918 977 1937 nos
990 1909 1098 1947 quidem
1125 1911 1198 1939 istud
1218 1912 1322 1940 inficias
1340 1912 1450 1941 ibimus.
1467 1914 1521 1943 Sed
1543 1925 1595 1943 non

874 1953 1017 1983 tribunalis
1033 1961 1072 1983 est
1087 1965 1200 1994 praesens
1214 1962 1329 1995 tempus,
1345 1957 1391 1986 sed
1404 1958 1594 1988 misericordiae

876 1998 965 2036 potins
981 2011 988 2027 ε
1006 2009 1057 2027 non
1073 2001 1293 2039 repetundarum,
1303 2002 1349 2031 sed
1361 2003 1508 2033 clementiae
1521 2017 1528 2033 .·
1543 2016 1594 2035 non

876 2044 1016 2079 examinis,
1040 2045 1087 2073 scd
1101 2046 1302 2076 condonationis
1319 2060 1325 2075 :
1339 2058 1391 2078 non
1405 2050 1595 2089 suffragiorum

876 2099 906 2117 ac
921 2089 1103 2127 calculorum,
1124 2091 1171 2120 sed
1188 2092 1364 2123 miserationis
1383 2105 1414 2124 ac
1431 2096 1535 2135 gratize.
1554 2099 1594 2127 Ne

876 2134 960 2172 igitur
971 2135 1031 2173 quis
1043 2143 1161 2165 vestrum
1176 2138 1344 2175 accendatur,
1357 2151 1423 2171 neve
1437 2152 1506 2181 aegre
1516 2143 1592 2178 serat,

875 2180 921 2208 scd
931 2181 1020 2220 potius
1032 2182 1204 2212 mitissimum
1217 2185 1303 2214 Deum
1314 2186 1498 2225 deprecemur,
1508 2196 1538 2218 nt
1549 2200 1593 2218 reo

841 2234 860 2256 1)
875 2227 957 2256 vitam
967 2235 1100 2266 proroget,
1113 2240 1227 2268 eumque
1238 2241 1272 2260 ex
1284 2232 1452 2272 impendente
1461 2235 1532 2264 caede
1543 2236 1594 2263 eri-

874 2270 939 2309 piat,
961 2278 990 2300 ut
1004 2272 1062 2311 ipse
1076 2280 1162 2301 errata
1185 2284 1232 2303 sua
1251 2275 1366 2314 corrigat
1383 2289 1390 2305 z
1413 2284 1438 2306 et
1457 2280 1592 2307 communi

874 2327 953 2356 opera
968 2317 1167 2357 interpellemus
1184 2319 1422 2351 clementissimum
1443 2325 1591 2364 Imperato-

874 2373 930 2391 rem
939 2373 989 2402 pro
998 2364 1117 2393 Ecclesia
1126 2371 1151 2393 et
1161 2365 1250 2402 altari,
1261 2377 1345 2396 unum
1355 2367 1490 2397 hominem
1505 2380 1593 2399 saero-

874 2415 968 2438 sanctae
995 2420 1092 2439 mensae
1118 2410 1214 2440 donari
1246 2412 1426 2443 obsecrantes.
1455 2415 1535 2452 Quod
1569 2417 1591 2445 si

872 2457 1029 2493 fecerimus,
1052 2465 1077 2487 et
1096 2458 1256 2498 Imperatori
1278 2467 1383 2498 gratum
1401 2462 1543 2497 iaciemus,
1568 2470 1591 2491 et

874 2508 946 2537 Dens
971 2502 1148 2547 prius'quam
1174 2509 1320 2548 Imperator
1348 2510 1445 2539 factum
1472 2519 1591 2539 nostrum
