1843 2810
150 449 185 468 5:³8

196 178 265 213 6⁷10
516 189 544 211 S.
574 189 712 212 JOANNIS
739 189 921 211 CHRYSOST.
951 189 1106 211 ARCHIEP.
1136 189 1404 212 CONsTtNTtNOP.

734 420 1224 482 ADMONITIO

427 579 475 615 IN
501 577 751 614 EPISTOLAS
777 576 945 613 SANCTI
970 575 1160 613 JOANNIS
1186 577 1510 614 CIIRYSOSTOMI

571 712 620 739 AD
643 710 892 740 OLYMPIADEM
914 710 963 739 ET
986 711 1034 738 AD
1058 710 1166 739 ALIOS
1188 711 1355 739 MULTOS.

235 833 418 872 Epistolarnm
431 832 458 860 S.
472 831 583 861 Joannis
596 830 781 870 Chrysostomi
793 840 888 858 verum
903 829 1024 858 ordinem
1036 829 1138 867 assequi
1151 829 1278 857 hactenus
1291 839 1342 858 non
1355 829 1492 868 potuimus
1505 841 1511 856 :
1525 839 1585 858 nam
1599 829 1634 866 is,
1651 840 1730 868 quem

194 889 248 917 prm
261 890 288 907 se
300 879 390 906 ferunt
406 877 544 906 Editiones
559 877 681 913 morelli,
699 886 745 904 nec
760 882 927 914 temporum,
942 885 989 903 nec
1002 886 1178 914 personarum
1190 875 1225 903 ad
1241 886 1306 913 quas
1318 876 1435 914 epistola}
1451 876 1594 904 mittuntur
1605 898 1612 911 ‚
1631 883 1730 904 rectam

194 925 288 952 scriem
304 924 424 952 exhibet.
450 924 479 951 In
495 923 616 951 omnium
632 923 735 961 optimo
750 929 774 949 et
789 920 975 959 antiquissimo
991 920 1089 948 Codice
1104 921 1267 948 Coisliniano
1292 921 1462 960 epistolarum
1486 920 1551 949 ordo
1568 932 1627 949 cum
1644 921 1731 949 Editis

194 980 245 997 non
262 970 404 1005 consentit,
420 976 497 1007 atque
512 976 537 997 et
552 969 607 1007 ipse
623 968 825 996 interturbatam
841 967 935 995 seriem
949 967 1057 995 exhibet
1071 989 1077 1001 ⁷
1093 967 1197 1004 qualem
1208 966 1331 994 dedimus
1346 966 1372 994 in
1386 967 1552 995 Bibliotheca
1568 966 1731 995 Coisliniana

196 1026 224 1054 p.
250 1015 315 1044 565.
335 1015 430 1043 Czeteri
451 1022 539 1042 autem
556 1016 621 1043 Mss.
643 1014 721 1052 Regii
745 1014 801 1042 sive
819 1013 944 1041 Vaticani
964 1022 1010 1039 nec
1030 1022 1091 1039 cum
1108 1012 1158 1040 hoc
1174 1022 1220 1040 nee
1236 1022 1296 1040 cum
1317 1011 1405 1040 Editis
1420 1012 1594 1040 consentiunt.
1611 1012 1731 1041 Savilius

192 1061 319 1099 epistolas
334 1071 426 1089 omnes
440 1061 534 1089 ordine
549 1060 717 1099 alphabetico
738 1059 886 1098 ‹lisposuit3
902 1059 937 1086 ita
953 1064 981 1085 ut
996 1068 1010 1085 a
1026 1057 1180 1085 nominibus
1195 1068 1367 1096 personarum
1381 1079 1387 1090 ,
1402 1057 1435 1085 ad
1451 1068 1515 1094 quas
1529 1057 1647 1096 epistolae
1663 1057 1732 1086 diri-

194 1113 310 1142 guntur,
326 1106 405 1133 series
417 1117 508 1133 earum
523 1105 638 1134 ducatur
651 1117 655 1131 z
671 1105 716 1142 qui
732 1105 797 1132 ordo
809 1104 911 1132 etiamsi
926 1103 992 1141 quid
1005 1103 1129 1131 utilitatis
1145 1114 1200 1142 prae
1212 1114 1238 1131 sc
1253 1104 1331 1138 serat,
1349 1114 1400 1131 nou
1415 1110 1453 1131 est
1467 1110 1553 1131 tamen
1569 1103 1731 1142 amplecten-

194 1150 255 1179 dus.
273 1151 301 1179 Si
318 1151 426 1179 omnino
440 1151 620 1190 potuissemus
632 1151 759 1189 temporis
775 1149 896 1178 ordinem
910 1155 1010 1177 certum
1022 1155 1100 1186 atque
1113 1148 1295 1176 indubitatum
1308 1148 1334 1176 in
1347 1148 1467 1187 epistolis
1479 1148 1638 1176 constituere
1647 1170 1655 1185 7
1672 1148 1729 1177 haec

194 1203 264 1224 certe
279 1197 371 1225 fuisset
389 1208 450 1225 vera
466 1205 490 1225 et
503 1197 624 1225 omnium
641 1196 785 1224 utilissima
800 1194 942 1224 ordinandi
958 1194 1040 1231 rati0;
1056 1201 1082 1222 at
1102 1194 1171 1222 illud
1187 1195 1259 1222 nulla
1281 1201 1336 1222 arte
1350 1194 1408 1222 ficri
1429 1201 1512 1233 potest
1525 1204 1604 1222 :nam
1620 1201 1649 1222 ut
1670 1201 1731 1222 sunt

194 1241 319 1281 qufedam
332 1243 450 1281 epistolae
461 1253 519 1280 quse
530 1242 597 1270 alias
609 1242 748 1280 quaspiam
762 1241 924 1280 praecessisse
933 1240 1041 1268 omnino
1053 1240 1178 1268 videntur
1186 1263 1193 1277 7
1205 1241 1240 1268 ita
1252 1240 1277 1268 in
1288 1240 1408 1268 maxima
1418 1240 1532 1268 aliarum
1543 1247 1618 1278 parte
1628 1240 1730 1267 frustra

196 1298 298 1325 quaeras
312 1299 370 1326 quce.
384 1287 474 1326 prior,
492 1299 551 1326 qua}
563 1288 692 1326 posterior
706 1287 768 1315 data
784 1287 871 1314 fuerit,
887 1286 1067 1320 Quamobrem
1083 1286 1203 1314 ordinem
1218 1297 1233 1314 a
1247 1286 1347 1315 Jacobo
1363 1286 1446 1314 Bittio
1461 1293 1485 1313 et
1500 1296 1514 1313 a
1530 1286 1662 1313 Frontone
1674 1286 1731 1313 Du-

196 1342 249 1359 etro
263 1332 438 1360 constitutum
453 1342 559 1360 servare
573 1331 660 1360 visum
674 1331 725 1359 fuit
739 1343 745 1358 :
759 1329 829 1358 unde
845 1330 914 1359 illud
929 1331 1062 1359 commodi
1076 1331 1191 1365 accedit,
1210 1339 1239 1359 ut
1253 1331 1427 1370 epistolarum
1441 1332 1543 1359 numeri
1559 1330 1705 1358 sexcenties
1717 1340 1731 1358 a

196 1376 373 1414 scriptoribus
389 1376 517 1415 praeteriti
532 1377 723 1415 praesentisque
735 1375 825 1403 saeculi
841 1376 978 1403 memorati
994 1376 1074 1404 iidem
1090 1377 1275 1415 reperiantur,
1291 1377 1317 1404 in
1332 1383 1510 1416 promptuque
1524 1376 1558 1404 sit
1570 1376 1693 1414 epistolas
1709 1376 1734 1403 in

198 1422 256 1450 loco
268 1421 349 1449 solito
362 1422 463 1460 positas
477 1421 560 1450 adire.

238 1467 348 1497 Joannis
364 1467 548 1506 Chrysostomi
563 1466 689 1505 epistolas
704 1476 815 1494 numero
831 1467 888 1494 175
903 1466 1004 1506 primns
1019 1466 1093 1494 dedit
1108 1467 1225 1496 Jacobus
1238 1466 1334 1495 Billius
1352 1468 1489 1501 Prunaeus,
1506 1467 1533 1495 S.
1552 1465 1692 1495 Michaelis
1707 1466 1732 1494 in

200 1513 296 1542 Ercmo
314 1513 414 1550 Ahbas,
430 1513 480 1541 hac
497 1513 633 1552 praemissa
649 1512 861 1551 praefatiuncula.

772 1639 935 1669 CANDIDO
959 1640 1119 1669 LECTORI
1142 1640 1172 1668 S.

239 1753 253 1767 ιι
266 1739 345 1775 Quod
364 1741 398 1768 D.
420 1741 548 1768 Joannein
569 1739 792 1778 Chrysostomum
806 1738 856 1767 hoc
870 1740 1042 1778 epistolarum
1056 1740 1127 1767 libro
1142 1749 1212 1767 nunc
1232 1739 1351 1778 primum
1366 1739 1509 1767 auctiorem
1524 1737 1621 1775 habes,
1637 1739 1735 1777 optime

199 1787 292 1821 lector,
306 1785 333 1814 id
345 1785 527 1813 eruditissimo
539 1785 598 1813 viro
611 1784 709 1813 Jacobo
722 1784 830 1823 Cujacio
838 1784 928 1818 debes,
939 1785 984 1822 qui
996 1796 1044 1824 pro
1057 1795 1160 1812 summa
1171 1796 1215 1812 sua
1229 1784 1404 1818 humanitate,
1416 1791 1494 1821 atque
1507 1784 1532 1811 in
1543 1784 1737 1822 rempublicam

200 1832 343 1859 literariam
357 1831 460 1866 studio,
477 1830 593 1868 benigne
605 1829 673 1857 mihi
686 1829 813 1858 Codicem
826 1830 954 1858 Graecum
970 1830 1158 1859 commodavit.
1175 1830 1231 1858 Etsi
1244 1837 1332 1858 autem
1346 1829 1372 1857 in
1385 1829 1427 1857 liis
1439 1829 1557 1868 epistolis
1571 1829 1661 1856 multae
1675 1837 1736 1858 sunt

199 1877 320 1916 ejusdem
330 1876 490 1915 argumenti,
502 1887 560 1914 quae
571 1877 681 1904 sortasse
692 1882 829 1914 propterea
839 1876 961 1903 nonnihil
972 1876 1072 1903 fastidii
1085 1875 1273 1903 nasutoleetori
1285 1885 1376 1914 parere
1385 1874 1496 1913 possint,
1510 1874 1625 1901 aliarum
1635 1881 1734 1911 tamen,

198 1929 223 1950 et
233 1922 381 1962 przesertim
391 1933 482 1950 earum
492 1932 550 1959 quse
560 1921 593 1949 ad
605 1920 797 1960 Olympiadem
808 1921 912 1959 scriptze
923 1928 995 1955 sunt,
1007 1921 1109 1948 utilitas
1121 1920 1170 1947 hoc
1179 1920 1313 1958 quidquid
1323 1926 1362 1948 cst
1372 1919 1497 1947 molestiae
1510 1918 1597 1955 facile,
1611 1925 1639 1946 ut
1649 1929 1735 1957 spero,

201 1968 392 2007 compensabit.
406 1968 449 1995 Tu
461 1967 575 2006 opellam
586 1973 703 1994 nostram
709 1966 772 1994 boni
781 1966 903 1994 consulas
913 1966 1003 2003 velim,
1014 1976 1044 1994 ac
1055 1977 1102 2004 pro
1114 1977 1172 1994 mea
1184 1965 1268 1994 salute
1277 1965 1312 1993 ad
1323 1966 1410 1993 Deum
1421 1974 1510 2004 preces
1521 1963 1627 1991 fundas.
1640 1964 1735 1992 Vale.»

241 2048 290 2075 His
306 2046 448 2075 CLXXIII
469 2046 588 2085 epistolis
605 2045 743 2083 sexaginta
760 2051 819 2073 octo
838 2044 934 2083 adjecit
949 2045 1048 2072 Fronto
1063 2045 1179 2072 Ducaeus
1199 2054 1233 2072 ex
1249 2043 1346 2072 Codice
1360 2044 1413 2071 Ms.
1430 2042 1542 2080 Collegii
1558 2041 1733 2081 Antverpiani

201 2094 339 2122 societatis
351 2095 425 2129 Jesu,
439 2099 463 2120 et
478 2092 701 2131 septuagesimam
714 2102 808 2119 nonam
823 2092 963 2129 subjunxit
974 2101 1006 2118 ex
1017 2090 1173 2129 apographo
1185 2089 1294 2119 Joannis
1307 2088 1446 2122 sambuci,
1457 2088 1482 2116 in
1495 2099 1547 2126 quo
1560 2087 1730 2116 centesimam

201 2138 426 2178 septuagesimam
441 2145 563 2166 octavam
578 2138 748 2175 sequebatur.
768 2136 827 2164 Etsi
847 2143 936 2164 autem
951 2136 977 2164 in
991 2136 1032 2163 his
1051 2136 1169 2174 epistolis
1184 2146 1234 2163 non
1247 2145 1338 2173 paucae
1351 2134 1412 2169 sint,
1424 2133 1471 2161 ubi
1486 2133 1577 2161 eadem
1594 2133 1646 2161 sere
1658 2143 1735 2171 repe-

203 2192 310 2217 tuntur,
329 2183 465 2211 satendiun
482 2190 567 2211 tamen
580 2190 619 2211 est
632 2183 682 2211 hoc
695 2193 790 2221 corpus
805 2183 977 2221 epistolarum
992 2182 1060 2210 inter
1072 2181 1237 2209 nobilissima
1252 2180 1427 2208 ecelesiastica
1440 2185 1609 2207 monumenta
1624 2188 1734 2217 compu-

202 2230 315 2259 tandum
331 2240 386 2257 esse
401 2240 406 2255 :
419 2229 482 2259 hinc
496 2229 709 2257 accuratissimas
723 2229 843 2256 omnium
859 2228 965 2256 notitias
979 2227 1148 2266 excerpimus
1165 2227 1234 2255 circa
1248 2236 1373 2264 magnum
1391 2225 1461 2253 illud
1473 2224 1588 2253 schisma
1598 2224 1734 2252 orientalis

202 2275 340 2311 Ecclesiae,
355 2281 379 2302 et
390 2274 516 2302 exsilium
529 2274 723 2312 Chrysostomi,
737 2273 846 2301 ubidira
860 2283 971 2311 quaeque
983 2274 1011 2301 S.
1024 2273 1076 2302 Vir
1087 2283 1180 2311 passus
1191 2279 1240 2307 est,
1253 2278 1381 2310 raptatus,
1394 2277 1418 2298 et
1429 2269 1508 2298 tantis
1519 2270 1629 2297 affectus
1640 2269 1730 2305 malis,

203 2329 232 2350 ut
246 2332 326 2360 quam
336 2321 405 2348 ferro
420 2330 471 2348 non
484 2319 618 2348 audebant
632 2319 682 2358 ipsi
696 2330 787 2347 necem
799 2320 895 2347 inferre
908 2319 1064 2355 adversarii,
1079 2318 1205 2346 immissis
1220 2316 1346 2345 molestiis
1360 2322 1385 2343 et
1400 2315 1562 2343 cruciatibus
1578 2314 1732 2342 intulerint.

203 2367 277 2396 Ordo
293 2366 475 2406 epistolarum,
491 2372 520 2392 ut
531 2364 663 2401 diximus,
685 2364 721 2392 ita
736 2364 928 2392 interturbatus
940 2371 988 2399 cst,
1006 2371 1035 2392 ut
1047 2364 1095 2392 vix
1112 2374 1142 2391 ac
1153 2374 1185 2391 ne
1196 2363 1244 2392 vix
1256 2361 1364 2400 quidem
1378 2360 1460 2400 possit
1472 2361 1613 2388 restaurari
1625 2372 1630 2387 :
1644 2359 1690 2388 sed
1701 2360 1736 2388 ad

203 2413 310 2442 lectoris
329 2411 499 2441 commodum
519 2411 582 2439 satis
599 2410 674 2438 nobis
687 2410 738 2438 fuit
749 2409 776 2437 in
794 2411 923 2449 cujusque
933 2410 1050 2449 epistolae
1062 2409 1137 2437 initio
1147 2415 1251 2446 tempus
1264 2413 1393 2445 quantum
1405 2405 1491 2442 licuit,
1505 2416 1535 2433 ac
1548 2416 1616 2444 szrpe
1628 2415 1661 2433 ex
1675 2415 1735 2433 eon-

202 2460 308 2498 jectura
323 2465 438 2494 tantum,
455 2463 590 2485 annotare.

246 2504 372 2543 Epistolae
388 2501 575 2542 septemdecim
587 2500 620 2529 ad
635 2500 826 2540 Olympiadem
837 2522 844 2535 ‚
865 2511 923 2538 quae
938 2500 1037 2529 ca‘tcris
1052 2498 1266 2538 prmmittuntur,
1283 2497 1403 2526 omnium
1418 2495 1579 2534 longissimae
1593 2501 1617 2524 et
1632 2496 1735 2534 elegan-

205 2551 314 2579 tissimae
327 2556 399 2586 sunt,
413 2548 584 2585 omniumque
595 2546 754 2581 utilissimae,
771 2546 808 2574 ait
826 2546 945 2579 Photius‚
956 2546 1024 2576 Cod.
1038 2546 1077 2575 80
1089 2558 1093 2573 :
1109 2555 1199 2573 carum
1211 2543 1334 2582 quaedam
1349 2542 1530 2571 consolatoriae
1545 2549 1570 2571 et
1584 2541 1735 2571 hortatoriae
