1840 2839
485 192 572 221 QUOD
599 191 693 213 Nt-:MO
721 191 869 213 LAEDt't'utt
903 192 966 214 MS!
995 193 1014 213 Δ
1043 193 1169 215 Slssl'SO.

74 266 122 289 σης
134 267 138 271 ·
151 254 219 283 ἀλλὰ
234 253 320 282 πάντα
335 248 366 288 ἦν
389 253 474 286 αὐτοῖς
498 255 511 282 ὁ
533 256 577 282 τοῦ
598 255 668 282 Θεοῦ
690 252 774 291 λόγος.
791 253 843 281 Καὶ

75 299 280 339 ἐσχεδιασμένην
301 294 370 338 εἶχον
384 298 526 338 τράπεζαν,
539 299 583 327 καὶ
604 298 720 338 ἱδρώτων
736 298 780 327 καὶ
797 298 843 327 πό-

76 358 126 374 νων
142 344 357 384 ἀπηλλαγμένην,
373 344 491 380 Τοιαύτη
507 343 557 383 γὰρ
572 347 588 378 ἡ
601 348 645 372 τοῦ
658 344 742 382 μάννα
755 344 843 383 φύσις·

77 391 158 430 νεαρά
181 402 208 420 τε
235 391 279 419 καὶ
302 390 469 430 πρόσφατος,
495 390 539 418 καὶ
561 391 675 428 οὐδαμοῦ
693 390 844 429 παρέχουσα

78 438 164 470 αὐτοῖς
187 436 346 476 πράγματα,
369 436 425 466 οὐδὲ
442 437 630 466 κατατείνουσα
646 437 725 476 πόνῳ.
747 437 798 465 Καὶ
812 436 845 465 τὰ

78 483 171 521 ἱμάτια
189 481 219 511 δὲ
239 483 339 518 αὐτοῖς,
359 483 452 511 καὶτὰ
471 483 643 521 ὑποδήματα,
671 482 715 510 καὶ
737 482 802 517 αὐτὴ
827 484 843 517 ἡ

77 531 123 557 τοῦ
143 527 264 567 σώματος
278 528 352 567 φύσις
372 530 421 563 «τῆς
445 528 542 561 οἰκείας
557 528 744 557 ἐπελανθάνετο
767 529 845 556 ἀσθε-

78 574 161 607 νείας·
177 576 203 603 ἐν
216 574 266 614 γὰρ
278 575 364 614 χρόνῳ
387 574 455 603 οὕτω
476 576 570 615 μακρῷ
582 574 641 603 οὔτε
665 575 750 603 ἐκεῖνα
773 574 843 613 ἐτρί-

78 619 153 656 ὅετο,
167 619 225 649 οὔτε
237 621 260 649 οἱ
282 620 360 652 πόοες
383 622 466 648 αὐτῶν
483 620 569 649 καίτοι
592 623 705 649 τοσαῦτα
728 619 844 657 βαδιζόν-

76 677 128 694 των
143 665 319 701 ἐτυλώθησαν.
336 667 444 705 Ἰατρῶν
468 667 552 699 αὐτοῖς
568 666 612 694 καὶ
631 665 786 705 φαρμάκιον,
801 664 844 693 καὶ

75 713 123 747 τ’ἧς
142 712 224 746 ἄλλης
245 714 291 746 τῆς
306 712 366 750 περὶ
381 711 503 747 τοιαύτην
527 712 621 751 τέχνην
644 712 773 746 σπουδῆς,
786 710 843 739 οὐδὲ

77 757 169 796 μνήμη
189 770 227 790 τις
241 753 272 792 ἦν
288 759 313 787 ἐν
328 759 426 790 αὐτοῖς·
443 757 510 786 οὕτω
532 762 604 786 πᾶσα
621 756 737 786 ἐκποδὼν
759 759 844 796 άῤῥω-

77 803 136 832 στία
151 798 192 838 ἧν.
206 802 335 842 ’Eia-says
349 803 400 842 γὰρ
420 803 511 835 αὐτοὺς
525 804 550 831 ἐν
573 802 689 842 ἀργυρίῳ
709 802 754 831 καὶ
777 815 845 842 χρυ-

77 849 139 889 σίῳ,
152 849 230 888 φησί·
247 849 291 877 καὶ
309 850 355 877 οὐκ
370 844 401 883 ἦν
417 850 442 876 ἐν
458 853 514 881 ταῖς
534 850 626 888 φυλαῖς
641 850 727 877 αὐτῶν
739 851 752 878 ὁ
767 849 842 878 ἀσθε-

75 895 135 923 νῶν.
152 895 221 923 Ἀλλ’
251 893 340 934 ὥσπερ
360 893 403 922 τὸν
425 893 522 932 κόσμον
547 896 637 923 τοῦτον
660 893 782 933 ἀφέντες,
797 895 841 923 καὶ

75 939 139 978 πρὸς
157 938 248 979 ἑτέραν
269 940 388 977 βελτίονα
404 939 608 977 μετοικισθέντες
622 939 787 977 οἰκουμένην,
802 940 843 969 οὔ·

74 997 126 1019 τως
136 985 235 1020 ἤσθιον,
249 984 330 1019 οὕτως
342 985 438 1021 ἔπινον,
451 985 495 1014 καὶ
510 985 569 1014 οὔτε
580 988 596 1020 ἡ
611 985 684 1018 ἀκτὶς
698 986 842 1027 θερμοτέρα

74 1031 198 1069 γινομένη
213 1030 260 1064 τὰς
279 1031 393 1070 κεφαλὰς
408 1030 520 1066 ἔπληττε
535 1031 581 1063 τὰς
601 1031 706 1060 ἐκείνων
719 1043 725 1050 ·
750 1032 841 1060 διετεί-

75 1079 132 1116 χιζε
146 1076 196 1116 γὰρ
219 1076 267 1111 τὴν
290 1076 375 1116 φλόγα
389 1077 483 1116 νεφέλη
499 1077 625 1105 πάντοθεν
644 1078 842 1116 “οιῖωρουμένη,

74 1123 119 1152 καὶ
142 1122 304 1162 περιφορητὴ
324 1122 447 1161 γινομένη
465 1123 543 1162 στέγη
558 1128 611 1156 τοῖς
631 1123 722 1161 δήμοις
745 1124 842 1153 ἅπασιν

74 1168 190 1201 ἐκείνοις.
204 1169 273 1197 Ἀλλ’
289 1168 347 1197 οὔτε
371 1170 397 1197 ἐν
419 1169 492 1198 νυκτὶ
515 1169 653 1207 λαμπάδος
677 1170 776 1198 ἐδέοντο
796 1173 843 1205 τῆς

74 1214 222 1253 διαιρούσης
237 1215 266 1243 τὸ
282 1215 389 1251 σκότος,
405 1216 463 1244 ἀλλ’
485 1211 516 1250 ἦν
544 1217 629 1248 αὐτοῖς
651 1217 664 1244 ὁ
688 1217 779 1249 στῦλος
797 1221 842 1246 τοῦ

73 1261 153 1300 πυρὸς
167 1261 239 1299 πηγὴ
256 1261 340 1300 φωτὸς
355 1261 453 1300 ἀφέτου
463 1284 470 1297 ,
483 1261 526 1290 δύο
542 1261 632 1300 χρείας
647 1262 780 1301 παρέχων,
792 1263 840 1298 τήν

72 1318 101 1335 τε
117 1307 169 1336 ἀπὸ
182 1311 227 1336 τοῦ
242 1307 351 1346 φαίνειν,
371 1307 419 1342 τήν
433 1319 461 1336 τε
481 1307 533 1336 ἀπὸ
552 1311 596 1336 τοῦ
612 1308 775 1336 κατευθύνειν
798 1310 841 1338 αὐ-

72 1356 126 1384 τοῖς
147 1352 194 1388 τὴν
219 1352 379 1390 ἀποδημίαν.
397 1354 436 1381 Οὐ
458 1352 508 1392 γὰρ
534 1352 674 1391 φωτοειδὴς
697 1353 773 1391 μόνον
795 1351 838 1391 ἦν,

73 1397 140 1426 ἀλλὰ
159 1397 204 1426 καὶ
223 1398 316 1436 ὁδηγοῦ
339 1398 436 1430 παντὸς
461 1398 646 1438 ἀκριέέστερον
670 1400 841 1439 ἐχειραγώγει

73 1442 85 1457 ¹¹
96 1442 164 1472 κατὰ
174 1442 221 1478 τὴν
233 1443 329 1482 ἔρημον
343 1443 444 1479 ἐκείνην
458 1444 501 1473 τὸν
512 1445 620 1483 ἄπειρον
637 1446 719 1483 δῆμον
730 1447 837 1476 ἐκεῖνον.

73 1487 211 1522 Ἐὅάδιζον
226 1488 270 1524 δὲ,
282 1491 329 1518 οὐκ
343 1490 386 1518 ἐπὶ
406 1492 455 1528 γῆς
469 1490 556 1527 μόνον,
579 1491 647 1519 ἀλλὰ
669 1492 713 1520 καὶ
732 1492 775 1520 ἐπὶ
794 1496 841 1528 τῆς

73 1535 206 1570 θαλάσσης
219 1536 254 1567 ὡς
271 1535 313 1564 ἐπὶ
325 1537 373 1573 γῆς
383 1547 389 1553 ·
404 1535 449 1563 καὶ
470 1537 521 1564 τῶν
537 1535 604 1576 ὅρων
618 1539 664 1571 τῆς
681 1537 780 1576 φύσεως
794 1551 841 1567 κα-

72 1580 215 1618 τετόλμιον,
242 1581 272 1609 τὸ
294 1581 410 1620 χαλεπὸν
438 1582 521 1610 ἐκεῖνο
541 1582 690 1615 πεζεύοντες
713 1583 840 1623 πέλαγος,

72 1628 107 1658 ὼς
127 1625 170 1654 διὰ
191 1625 288 1666 πέτρας
310 1628 418 1667 στερρᾶς
433 1627 477 1655 καὶ
494 1627 633 1657 ἀντιτύπου
655 1629 723 1663 τινὸς
736 1631 838 1659 ὁδοιπο-

73 1675 185 1710 ροῦντες·
207 1672 252 1700 καὶ
267 1671 310 1700 ὅτε
333 1673 380 1710 μὲν
405 1673 490 1705 αὐτοῖς
511 1673 698 1714 ὓπεστόρεστο,
713 1677 761 1714 γ’ἧν
776 1677 839 1714 ἐμι-

72 1721 146 1755 μεῖτο
172 1717 281 1757 στεῤῥὰν
307 1717 337 1746 τὸ
354 1722 492 1757 στοιχεῖον,
514 1718 559 1747 καὶ
582 1719 659 1748 πεδία
681 1720 776 1757 ὕπτια,
794 1722 838 1751 καὶ

71 1762 196 1801 ἀρούρας·
215 1762 257 1792 ὅτε
273 1762 300 1791 δὲ
314 1763 373 1796 τοὺς
394 1763 500 1802 ἐχθροὺς
514 1764 639 1800 ἓπέλαῧε,
656 1765 689 1794 τὰ
709 1767 839 1803 θαλάττης

70 1808 270 1847 κατειργάζετο·
290 1808 334 1837 καὶ
356 1810 442 1842 αὐτοῖς
466 1808 513 1847 μὲν
535 1809 637 1847 ἐγένετο
659 1811 762 1851 ὄχημα,
785 1818 839 1847 τοῖς

85 1853 97 1882 ὲ
115 1855 273 1892 πολεμοῦσιν
290 1854 382 1887 αὐτοὺς
398 1855 493 1894 τάφος·
508 1854 567 1887 τοὺς
581 1856 628 1894 μὲν
647 1859 704 1895 μετ’
721 1860 838 1893 εὐκολίας

69 1899 298 1939 παραπέμπουσα,
324 1900 382 1932 τοὺς
405 1901 430 1928 δὲ
456 1901 523 1938 μετὰ
539 1903 638 1938 πολλῆς
662 1906 709 1938 τῆς
731 1905 837 1945 σφοδρό-

68 1957 146 1980 τητος
161 1946 394 1979 καταποντίζουσα.
413 1947 466 1975 Καὶ
486 1950 502 1982 ἠ
524 1947 634 1981 ἄτακτος
659 1952 711 1978 τῶν
737 1951 838 1979 ὑδάτων

70 1991 138 2030 ῥύμη
150 2013 157 2027 ,
172 1992 272 2030 ἀνδρῶν
286 1992 398 2030 λογικῶν
423 1993 468 2021 καὶ
495 1994 678 2023 συνετωτᾶτων
700 1996 744 2024 καὶ
759 1998 837 2025 εὐτα-

70 2036 125 2069 ξίαν
139 2037 184 2065 καὶ
199 2037 316 2071 ὑπακοὴν
335 2038 514 2074 ἐπεδείκνυτο,
526 2041 570 2067 νῦν
584 2039 630 2077 μὲν
646 2039 760 2079 φύλακος
771 2064 778 2076 ,
795 2045 838 2070 νῦν

69 2082 96 2112 δὲ
107 2082 202 2121 δημίου
217 2081 291 2115 τάξιν
301 2083 447 2123 ἐπέχουσα,
463 2084 507 2112 καὶ
520 2086 545 2113 ἐν
557 2084 644 2125 ἡμέρᾳ
660 2090 709 2125 μιᾷ
720 2086 753 2114 τὰ
767 2089 837 2116 ἐναν-

67 2128 111 2157 τίοι
123 2128 213 2168 ἀθρόον
229 2129 438 2168 ἐπιδεικνυμένη.
450 2130 485 2159 Τί
498 2131 529 2159 ἄν
539 2143 577 2162 τις
587 2130 655 2160 εἴποι
669 2131 716 2165 τὰς
724 2131 836 2174 πέτρας,

67 2174 96 2203 αἳ
107 2173 241 2212 ποταμοὺς
253 2174 364 2214 ἠφίεσαν
378 2176 493 2212 ὑδάτων,
508 2176 534 2204 τί
554 2177 581 2206 δὲ
595 2178 628 2206 τὰ
643 2178 707 2217 νέφη
719 2181 770 2207 τῶν
789 2181 836 2219 ὀρ-

65 2220 142 2249 νίθων
153 2242 160 2256 ,
174 2220 198 2249 οἳ
211 2222 248 2259 τῷ
269 2220 364 2255 πλήθει
378 2223 429 2250 τῶν
442 2222 573 2260 σωμάτων
589 2222 637 2258 τὴν
656 2227 705 2262 γῆν
723 2225 836 2264 ἀπέκρυ-

65 2267 117 2306 ψαν
136 2267 255 2303 ἅπασαν;
269 2267 294 2296 τί
309 2267 342 2296 τὰ
365 2269 391 2296 ἐν
409 2267 537 2308 Αἰγύπτῳ
555 2269 693 2307 οαύματα;
710 2270 736 2298 τί
751 2271 784 2300 τὰ
808 2273 835 2300 ἐν

65 2312 155 2352 ἐρήμῳ
169 2313 319 2352 παράδοξα;
337 2314 363 2342 τί
386 2314 419 2342 τὰ
441 2315 556 2354 τρόπαια
577 2315 622 2344 καὶ
644 2316 690 2348 τὰς
701 2316 775 2350 νίκας
788 2317 835 2351 τὰς

66 2359 194 2396 ἀναιμωτὶ
207 2359 360 2397 γινομένας;
375 2359 422 2392 Ὡς
431 2359 482 2399 γὰρ
496 2360 662 2399 χορεύοντες,
677 2363 726 2401 οὐχ
740 2364 775 2395 ὡς
787 2376 834 2393 πο-

64 2404 204 2441 λεμοῦντες
226 2404 286 2437 τοὺς
310 2405 512 2439 ἀντιπίπτοντας
528 2408 684 2446 ἐχειροῦντο.
708 2409 760 2436 Καὶ
782 2411 833 2437 τῶν

67 2448 112 2486 μὲν
128 2449 229 2478 οἰκείων
249 2451 381 2480 δεσποτῶν
396 2451 478 2490 χωρὶς
497 2451 585 2481 ὅπλων
602 2453 762 2492 ἐκράτησαν·
781 2457 832 2484 τῶν

99 2545 108 2555 ·
127 2537 172 2562 Alii
190 2544 376 2574 ἀπαεωρουμένη,
395 2541 436 2567 alii
458 2546 639 2578 ἐπνιωρουμεύη,
657 2543 744 2569 Morel.
767 2549 820 2570 αἰω-

65 2582 175 2608 φαμένη.

1542 197 1584 230 5²1!
1600 206 1611 231 l

899 253 1010 290 ctonica,
1028 261 1052 282 et
1064 255 1162 283 sutoria
1183 267 1189 282 τ
1205 254 1253 284 sed
1269 256 1358 285 omnia
1373 256 1410 285 eis
1431 264 1486 285 crat
1502 258 1614 286 xer-bum

900 299 959 328 Dei.
986 301 1105 328 Mensam
1129 301 1261 330 habebant
1283 309 1402 341 paratam
1425 313 1457 331 ex
1483 310 1612 342 tempore,

899 344 1042 373 sudoribus
1059 352 1085 374 et
1104 346 1241 375 laboribus
1254 358 1377 376 vacuam.
1394 348 1460 387 Ejus
1471 349 1542 376 enim
1564 360 1614 377 na—

899 397 965 418 tura?
980 398 1037 419 crat
1052 402 1161 429 manna;
1184 403 1262 429 nora,
1278 403 1377 430 recens,
1394 404 1528 431 nusquam
1550 395 1615 433 ipsis

900 437 1003 474 negotia
1016 437 1157 477 lacessens,
1173 449 1256 477 neque
1276 438 1367 467 labore
1382 440 1534 468 conficiens.
1553 442 1615 470 Jam

900 482 1056 511 vestimenta
1067 494 1158 513 eorum
1167 492 1192 514 et
1203 484 1282 514 calcei
1291 492 1316 513 et
1328 485 1383 524 ipsa
1395 487 1513 525 corporis
1521 494 1614 516 natura

900 528 1099 565 quodammodo
1119 541 1173 559 suae
1195 530 1348 569 fragilitatis
1361 531 1588 562 obliviscebantur
1606 547 1611 562 :

855 579 1019 616 “wiempere
1033 576 1104 604 enim
1126 577 1162 605 ita
1183 577 1262 616 longo
1276 587 1361 615 neque
1383 578 1428 606 itta
1449 578 1611 614 terebantur,

863 626 880 647 Λ
901 630 985 657 neque
1007 620 1087 659 pedes
1114 632 1204 650 eorum
1230 629 1268 651 tot
1292 629 1418 662 tantaque
1447 624 1508 652 licet
1533 624 1613 653 itine-

900 675 927 692 ra
943 665 1140 695 decurrentium
1160 668 1350 698 occalluerunt.
1373 669 1553 705 Medicorum,
1573 681 1615 699 re-

900 711 1049 740 mediorum
1075 720 1228 752 caeterwque
1256 715 1283 743 in
1315 715 1366 744 liae
1399 723 1455 744 arte
1488 727 1556 745 curae
1583 727 1615 745 ne

900 757 1029 786 memoria
1055 758 1163 796 quidem
1189 761 1262 799 apud
1288 772 1332 791 eos
1355 761 1511 791 eratzadeo
1536 763 1615 801 longe

898 803 990 831 aberat
1015 805 1101 833 omnis
1129 805 1294 836 invaletudo.
1327 809 1441 837 Eduxit
1470 811 1547 838 enim
1566 819 1614 838 eos

898 851 929 877 in
945 860 1017 878 auro
1043 857 1069 879 et
1094 859 1224 890 argento,
1243 853 1345 891 inquit;
1372 861 1400 883 et
1426 864 1484 883 non
1503 861 1565 883 erat
1583 857 1614 884 in

898 897 1028 925 tribubus
1050 907 1148 925 eorum
1170 899 1314 938 infirmus.
1342 901 1441 930 Verum
1457 901 1534 938 quasi
1546 901 1613 929 reli-

897 948 939 970 cto
960 941 1010 970 hoc
1032 942 1142 979 mundo,
1161 951 1186 972 et
1212 945 1237 973 in
1253 945 1336 974 alium
1361 946 1498 974 meliorem
1521 947 1613 976 orbem

897 987 1104 1017 inhabitandum
1118 990 1249 1027 translati,
1262 991 1299 1019 sic
1315 991 1501 1027 comedebant,
1519 992 1557 1020 sic
1569 993 1613 1021 bi-

896 1033 1006 1069 bebant,
1028 1044 1058 1063 ac
1074 1045 1159 1073 neque
1178 1035 1247 1064 radii
1265 1036 1405 1067 calidiores
1420 1038 1507 1067 effecti
1524 1039 1612 1078 capita

897 1079 1005 1107 illorum
1019 1080 1148 1109 feriebant
1161 1093 1166 1109 :
1177 1081 1380 1111 disterminabat
1390 1084 1461 1112 enim
1474 1084 1611 1114 flammam

897 1124 981 1153 nubes
993 1125 1111 1164 undique
1121 1126 1288 1166 impendens,
1298 1135 1323 1156 et
1331 1129 1456 1158 omnibus
1469 1129 1523 1158 illis
1534 1131 1613 1159 fami—

861 1177 877 1199 Β
896 1170 940 1199 liis
957 1171 1092 1209 gestatorii
1109 1172 1168 1201 tecti
1182 1172 1266 1201 instar
1279 1180 1343 1202 erat.
1357 1175 1449 1212 Neque
1460 1185 1522 1204 vere
1531 1183 1612 1204 noctu

896 1217 952 1245 sace
967 1217 1121 1256 indigebant
1130 1229 1189 1256 quat
1202 1219 1321 1248 tenebras
1334 1219 1488 1255 discuteret,
1501 1221 1547 1250 sed
1556 1229 1612 1250 erat

895 1263 932 1291 eis
945 1263 1067 1292 columna
1078 1264 1159 1302 ignis,
1174 1265 1231 1293 sons
1246 1264 1313 1295 lucis
1328 1266 1472 1295 ineffabilis
1482 1267 1508 1295 in
1519 1267 1611 1307 dupli-

895 1319 951 1337 cem
967 1320 1055 1344 usum,
1073 1316 1130 1338 tum
1147 1317 1175 1338 ut
1199 1311 1307 1348 luceret,
1323 1318 1379 1340 tum
1393 1319 1422 1340 ut
1444 1312 1493 1341 iter
1509 1313 1611 1351 dirige-

895 1362 944 1383 ret.
968 1355 1059 1393 Neque
1079 1355 1150 1383 enim
1170 1356 1261 1385 lucida
1275 1357 1417 1386 dumtaxat
1435 1365 1499 1393 erat,
1514 1370 1609 1387 verum

893 1400 973 1428 etiam
987 1400 1059 1428 omni
1075 1401 1125 1429 viae
1136 1400 1205 1429 duce
1219 1402 1316 1430 certius
1327 1403 1548 1432 infinitumitlum
1563 1416 1610 1444 po-

895 1446 990 1485 pulum
1011 1457 1059 1485 per
1084 1446 1256 1475 solitudinem
1282 1447 1358 1476 illam
1384 1448 1507 1479 ducebat.
1532 1449 1609 1478 Ibant

895 1502 946 1520 non
962 1498 1032 1520 terra
1051 1492 1153 1527 solum,
1172 1493 1219 1521 sed
1242 1493 1322 1522 etiam
1347 1495 1415 1523 mari
1433 1496 1509 1533 quasi
1531 1503 1610 1525 tetma.

870 1564 874 1567 ι
896 1537 959 1566 Ausi
973 1545 1035 1566 sunt
1047 1538 1231 1567 transcendere
1239 1540 1305 1568 fines
1316 1547 1426 1577 naturae,
1436 1552 1497 1570 cum
1510 1552 1610 1571 saevum

895 1583 963 1612 illud
988 1584 1098 1623 pelagus
1125 1585 1305 1620 ambularent,
1332 1587 1406 1624 quasi
1425 1598 1473 1627 per
1496 1588 1611 1617 solidam

893 1641 924 1659 ac
946 1630 1052 1659 firmam
1071 1637 1175 1670 petram
1200 1630 1249 1659 iter
1272 1632 1405 1670 facerent3
1421 1644 1536 1672 eumque
1556 1634 1612 1662 illis

893 1676 1058 1706 substratum
1072 1683 1139 1705 esset
1155 1677 1316 1706 elementum
1330 1678 1409 1715 illud,
1422 1679 1537 1708 solidam
1553 1686 1610 1709 ter—

894 1734 960 1758 ram,
981 1733 1141 1762 camposque
1165 1723 1282 1762 supinos,
1298 1731 1323 1753 et
1336 1734 1414 1763 agros
1429 1725 1586 1754 imitabatur
1602 1738 1609 1753 r

856 1774 873 1797 C
894 1779 954 1796 cum
971 1779 1033 1797 vero
1047 1768 1133 1797 hostes
1147 1769 1304 1808 excepisset,
1324 1771 1405 1799 maris
1421 1781 1518 1799 munus
1530 1782 1609 1800 exse-

893 1814 1025 1853 quebatur
1035 1826 1040 1841 :
1051 1814 1107 1842 illis
1121 1814 1173 1843 fuit
1181 1815 1346 1852 vehiculum,
1355 1816 1477 1845 hostibus
1489 1817 1608 1855 ipsorum

893 1859 1064 1898 sepulcrum5
1081 1859 1142 1887 illos
1166 1860 1244 1888 facile
1260 1862 1417 1897 transmisit,
1440 1863 1488 1891 bos
1511 1873 1608 1901 magna

894 1916 955 1933 cum
974 1904 1140 1934 vehementia
1157 1905 1310 1934 submersit.
1330 1907 1500 1935 Inordinatus
1521 1918 1607 1946 aqua-

894 1962 952 1979 rum
975 1951 1102 1990 impetuS,
1121 1950 1242 1979 virorum
1259 1951 1361 1980 ratione
1373 1952 1548 1991 praeditorum
1564 1961 1608 1982 at—

893 2007 944 2035 que
961 1995 1230 2036 prudentissimorum
1251 1996 1374 2026 ordinem
1387 2004 1412 2026 et
1429 1998 1609 2028 obedientiam

892 2053 947 2082 prae
959 2052 986 2070 se
997 2041 1104 2078 screbat,
1119 2052 1180 2070 cum
1194 2042 1250 2080 jam
1264 2043 1391 2081 custodis,
1405 2044 1461 2083 jam
1476 2045 1609 2074 carnificis

892 2088 979 2117 vicem
992 2087 1132 2122 obtineret,
1151 2098 1257 2126 unoque
1278 2088 1322 2118 die
1347 2091 1478 2119 contraria
1503 2099 1609 2131 repente

893 2140 1038 2173 praestaret.
1058 2132 1134 2168 Quid
1149 2144 1354 2163 commemorem
1368 2143 1465 2175 petras,
1476 2147 1535 2175 quae
1551 2137 1607 2175 flu—

892 2180 949 2208 vios
960 2179 1110 2207 effudemnt
1120 2180 1271 2217 aquarum?
1285 2180 1350 2218 quid
1361 2181 1445 2210 nubes
1455 2182 1607 2219 volucrum,

890 2236 950 2264 quae
973 2235 1115 2264 corporum
1130 2224 1304 2254 multitudine
1317 2233 1400 2255 totam
1412 2234 1510 2256 terram
1532 2234 1606 2256 texe-

854 2281 872 2303 D
889 2271 974 2301 runt?
989 2271 1054 2309 quid
1074 2270 1203 2299 miracula
1222 2278 1327 2310 patrata
1342 2272 1368 2301 in
1383 2273 1524 2313 AEgypto?
1540 2274 1608 2312 quid

889 2315 1014 2355 prodigia
1036 2326 1095 2354 quae
1120 2315 1288 2354 contigerunt
1308 2315 1335 2344 in
1358 2316 1524 2345 solitudine?
1539 2317 1607 2356 quid

889 2369 987 2401 tropaea
1002 2367 1028 2389 et
1041 2361 1191 2389 incruentas
1206 2360 1350 2390 victorias?
1367 2362 1518 2401 Tamquam
1535 2363 1605 2392 enim

889 2407 995 2437 choreas
1007 2406 1144 2443 ducerent,
1156 2416 1208 2434 non
1228 2406 1331 2435 bellum
1353 2415 1481 2446 gererent,
1494 2408 1530 2437 ita
1553 2409 1603 2438 ad-

887 2453 1018 2483 versarios
1032 2452 1199 2481 domuerunt.
1224 2454 1263 2480 Ae
1278 2452 1401 2482 dominos
1419 2453 1529 2491 quidem
1543 2465 1604 2483 suos

879 2546 890 2563 b
909 2543 954 2569 Alii
968 2549 1026 2570 κατὰ
1039 2549 1077 2574 τὴν
1090 2548 1188 2577 ἤπειρον·

1623 820 1687 842 Psnl.
1712 820 1763 848 ¹⁰¹0·

1624 850 1662 880 37.

1656 1370 1762 1392 Miracula

1619 1402 1676 1422 culita
1685 1404 1706 1422 in
1717 1404 1762 1422 exi-

1621 1438 1642 1453 tu
1661 1440 1686 1453 ex
1698 1433 1763 1461 ,Egy-

1620 1469 1666 1492 pto.
