1757 2789
480 132 495 154 S
502 147 508 154 .
538 130 676 155 JOANNIS
703 129 882 153 cttnvsos‘r.

146 124 168 166 4

145 192 294 222 laudandos
305 197 432 233 putamus
442 204 448 220 :
458 192 485 221 in
495 192 637 221 dilectione
648 201 711 221 vero
721 196 862 229 perpetuos

146 238 282 267 debitores
297 238 445 277 probamus
457 245 482 266 et
496 238 661 266 admiramur
674 243 718 264 :et
733 234 805 272 quod
825 234 863 262 ibi
881 243 899 265 Β

147 283 333 322 malignitatis,
347 284 392 312 hic
402 283 574 321 benignitatis
587 283 693 320 signum
706 287 755 313 est,
772 286 801 307 ut
816 279 865 307 sci-

147 329 208 358 licet
226 339 373 367 numquam
394 329 513 357 solvatur
529 327 648 356 caritatis
670 325 801 353 debitum.
825 324 865 352 Ne

148 385 217 414 aegre
225 375 315 404 seratis
326 374 507 415 prolixitatem
518 372 644 402 orationis
656 372 753 399 futurae
763 382 769 397 ε
779 370 865 398 eitha-

150 421 279 450 roedicam
300 420 371 449 enim
387 419 529 448 melodiam
550 428 660 455 eamque
679 416 866 444 admirabilem

149 476 197 494 vos
216 465 327 501 docebo,
351 474 402 492 non
424 470 557 491 mortuam
577 462 666 501 lyram
688 460 863 497 attrectando,

149 510 195 539 sed
209 510 409 549 Scripturarum
424 509 547 537 historias
562 515 587 536 et
606 507 655 535 Dei
670 513 800 546 praecepta
817 517 866 545 pro

149 555 239 585 nervis
254 555 422 584 intendendo.
438 554 473 582 Et
486 553 713 591 quemadmodum
725 552 866 580 citharoedi

149 601 262 640 arreptis
269 600 464 639 discipulorum
475 599 579 637 digitis,
595 598 725 638 paulatim
736 608 779 626 eos
789 598 865 626 chor-

149 646 191 674 dis
208 646 378 674 admoventes
400 645 577 674 assuefaciunt
595 644 678 683 perite
693 650 864 679 contrectare,

150 699 219 721 etex
230 692 322 720 multis
333 692 401 720 tonis
413 701 443 718 ae
456 690 544 719 nervis
556 689 629 718 omni
640 700 703 718 sono
716 689 866 718 suaviorem

150 745 175 766 et
185 738 333 766 dulciorem
342 747 433 766 vocem
445 737 565 765 emittere
572 735 667 764 (locent
678 747 684 763 z
695 735 732 763 ita
743 746 790 764 nos
801 746 867 773 quo—

149 793 200 821 que
213 782 347 818 faciemus,
360 789 385 810 et
396 782 453 810 loco
466 781 613 820 digitorum
626 788 740 809 mentem
751 788 866 809 vestram

149 834 317 855 attrectantes
334 827 473 866 praeceptis
494 826 544 854 Dei
559 826 774 863 admovebimus,
788 826 867 865 jube-

150 873 291 912 bimusque
307 884 335 902 ea
351 873 414 901 scite
429 880 453 901 et
465 873 599 911 eleganter
614 873 752 911 attingere,
771 883 822 901 non
839 880 867 900 ut

149 918 291 947 hominum
316 918 450 946 theatrum
463 941 471 955 ‚
504 918 550 947 scd
577 925 607 946 ut
636 919 793 957 angelorum
824 929 867 957 po-

150 964 246 1003 pulum
258 975 305 1004 per
317 964 385 992 hane
397 964 563 1003 voluptatem
575 963 706 992 excitetis,
722 964 781 992 Non
796 964 867 992 enim

150 1010 214 1039 satis
226 1017 264 1039 est
271 1010 293 1038 si
306 1010 410 1048 eloquia
421 1009 512 1039 divina
524 1020 688 1049 percenseaS‚
702 1009 752 1038 nisi
762 1021 791 1038 ea
803 1020 867 1048 quo-

151 1066 202 1093 que
227 1056 306 1084 rebus
324 1063 434 1095 praestes
450 1067 456 1082 :
473 1062 498 1084 et
519 1054 746 1093 quemadmodum
774 1055 800 1083 in
831 1055 868 1083 ei-

151 1101 228 1130 thara
250 1112 345 1131 nervos
367 1101 475 1139 attingit
499 1101 607 1138 artifex,
635 1102 743 1139 attingit
763 1111 868 1139 quoque

150 1155 177 1176 et
195 1148 344 1187 imperitus,
356 1158 449 1176 verum
463 1148 508 1183 ita,
521 1154 550 1175 ut
562 1148 609 1175 iste
620 1146 769 1175 auditorem
782 1153 869 1182 vexet,

151 1193 197 1222 ille
221 1193 407 1232 voluptatibus
426 1200 451 1221 et
477 1193 652 1221 oblectatione
675 1191 774 1230 repleat
786 1214 794 1229 ,
821 1191 870 1219 etsi

151 1238 297 1276 utrobique
312 1237 431 1277 ejusdem
447 1238 550 1277 generis
564 1237 643 1276 digiti
660 1245 685 1266 et
700 1237 781 1265 iidem
795 1237 869 1266 nervi

152 1283 216 1321 sint,
235 1284 282 1312 sed
296 1295 348 1312 non
367 1284 459 1312 eadem
480 1284 575 1323 peritia
590 1296 595 1311 2
610 1283 646 1312 ita
664 1294 769 1321 quoque
784 1283 809 1311 iu
830 1294 870 1311 sa-

151 1330 205 1358 cris
227 1330 373 1369 Scripturis
385 1352 393 1365 ‚
419 1330 498 1357 multi
518 1329 618 1358 adeunt
638 1329 742 1367 eloquia
759 1329 867 1362 divina,

153 1375 199 1404 sed
210 1386 262 1404 non
275 1386 365 1404 omnes
379 1375 484 1403 lucrum
498 1375 559 1403 inde
572 1375 682 1411 faciunt,
695 1382 741 1403 aut
753 1375 870 1403 fructum

154 1422 288 1458 referunt5
312 1421 339 1449 in
354 1432 433 1449 causa
449 1427 505 1457 est,
527 1420 600 1459 quod
620 1431 705 1458 neque
721 1420 791 1448 dicta
808 1420 870 1448 satis

153 1474 312 1503 scrutentur,
325 1477 408 1504 neque
417 1477 479 1494 cum
490 1466 604 1494 artificio
612 1466 743 1494 citharam
749 1465 869 1505 pulsent:

154 1511 227 1550 quod
242 1512 313 1540 enim
328 1512 354 1540 in
371 1522 398 1539 re
413 1511 586 1540 citharoedica
598 1522 653 1547 ars,
675 1511 726 1539 hoc
741 1511 829 1550 ipsum
845 1511 871 1539 in

154 1559 205 1587 Dei
217 1558 321 1597 legibus
333 1568 443 1597 operum
458 1557 600 1586 exhibitio.
618 1558 672 1586 Nos
687 1564 776 1585 autem
790 1567 869 1584 unam

154 1603 281 1633 chordam
292 1603 458 1643 pulsavimus
470 1613 517 1642 per
527 1610 607 1631 totam
616 1602 871 1641 Quadragesimam,

153 1650 219 1678 dum
232 1650 317 1689 legem
332 1650 409 1678 vobis
423 1649 456 1677 de
466 1650 627 1689 juramentis
644 1649 826 1685 recitavimus,
843 1655 869 1677 et

155 1696 205 1725 Dei
226 1696 310 1734 gratia
325 1696 450 1724 effectum
465 1702 512 1731 est,
530 1703 557 1724 ut
571 1695 698 1735 pleraque
716 1694 873 1728 auditorum

154 1752 169 1770 a
180 1742 257 1770 nobis
268 1753 313 1770 ora
326 1741 351 1769 in
365 1742 413 1770 hac
424 1741 491 1780 legis
503 1741 617 1770 melodia
630 1741 666 1769 ita
680 1741 800 1769 instituta
811 1741 873 1776 sint,

156 1795 185 1817 ut
200 1788 311 1828 depulsa
326 1799 409 1827 prava
422 1787 623 1822 consuetudine,
646 1798 694 1826 pro
704 1798 734 1816 eo
746 1786 816 1825 quod
828 1798 874 1815 an-

155 1841 196 1862 tea
207 1835 295 1862 Deum
301 1833 436 1872 jurabant,
445 1834 502 1872 jam
511 1833 577 1861 nihil
585 1833 637 1861 nisi
648 1833 706 1869 Est,
719 1833 779 1861 Non
791 1839 838 1869 est,
849 1839 875 1861 et

156 1880 241 1908 Crede
253 1880 329 1915 mihi,
344 1879 369 1908 in
383 1880 474 1917 lingua
486 1890 532 1907 sua
545 1879 741 1915 circumferant,
753 1877 834 1916 idque
847 1878 873 1906 in

156 1925 229 1953 omui
243 1925 388 1963 colloquio,
404 1925 469 1953 adeo
486 1931 515 1953 ut
530 1924 598 1953 inter
611 1924 686 1952 mille
703 1924 870 1963 negotiorum

158 1972 323 2000 necessitates
337 1970 449 1999 ulterius
465 1970 592 2010 progredi
607 1981 659 1998 non
673 1970 831 1999 sustineant.

200 2063 229 2090 9.
249 2062 381 2090 Czrterum
401 2062 462 2099 quia
483 2072 535 2090 non
552 2062 653 2091 sufficit
667 2061 699 2090 ad
715 2062 836 2099 salutem,
852 2061 874 2090 si

161 2117 244 2135 unum
259 2113 421 2146 praeeeptum
434 2107 613 2143 observemug
627 2119 675 2146 age
686 2119 733 2136 vos
746 2108 826 2136 hodie
840 2108 875 2137 ad

160 2152 273 2181 alterum
290 2152 460 2180 traducamus
473 2163 478 2178 :
491 2152 538 2179 etsi
554 2153 625 2179 enim
640 2163 692 2180 non
707 2164 797 2181 omnes
812 2164 874 2192 pro-

160 2199 277 2226 fecerunt
298 2198 324 2225 in
340 2197 428 2236 priore
442 2197 510 2235 lege,
532 2204 647 2225 attamen
667 2198 793 2236 temporis
808 2210 874 2237 pro—

161 2254 253 2283 gressu
281 2244 328 2281 qui
356 2250 426 2271 retro
449 2250 602 2271 manserunt
628 2254 680 2279 eos,
710 2244 755 2282 qui
778 2255 875 2282 praece-

161 2290 238 2326 dunt,
249 2296 429 2327 assequentur.
444 2289 615 2327 Deprelieudi
628 2289 698 2317 enim
710 2296 809 2317 tantam
821 2300 875 2318 esse

162 2335 244 2374 hujus
254 2335 291 2363 rei
302 2345 402 2370 euram,
414 2341 442 2362 ut
454 2341 478 2363 et
489 2333 563 2362 domi
575 2341 599 2362 et
610 2335 636 2362 in
649 2345 738 2363 mensa
750 2334 802 2363 viri
815 2346 874 2363 cum
896 2349 900 2356 ι

163 2381 331 2417 mulieribus,
345 2380 414 2409 servi
427 2391 487 2408 eum
501 2379 623 2417 ingenuis
635 2387 765 2408 certamen
777 2379 810 2407 de
821 2380 873 2408 hu-

160 2428 205 2466 jus
220 2426 344 2466 praecepti
358 2425 541 2455 observatione
561 2425 730 2463 contendant,
746 2432 770 2454 et
785 2425 874 2454 beatos

899 2310 912 2356 ‘a

202 2512 213 2530 1¹
234 2512 293 2543 Reg.
310 2515 389 2540 πάντες
402 2515 454 2543 ἡμῖν
466 2515 624 2543 κατώρθωσαν.

913 131 930 152 A
937 131 1054 154 nentri?
1061 146 1068 154 .
1097 131 1223 153 ΕΟΝΞΤΛ
1232 131 1364 154 ΝΤΙΝΟΡ.

916 189 961 217 καὶ
975 190 1140 228 θαυμάζομεν
1154 203 1159 208 ·
1175 190 1220 219 καὶ
1236 191 1301 230 ὅπερ
1316 191 1502 229 ἀγνωμοσύνης
1525 192 1594 224 ἐκεῖ,
1609 193 1684 220 τοῦτο

917 235 1028 263 ἐνταῦθα
1039 235 1235 273 εὐγνωμοσύνης
1247 236 1354 274 σημεῖόν
1366 238 1430 271 ἐστι,
1441 237 1471 265 τὸ
1485 236 1615 274 μηδέποτε
1628 237 1683 263 δια-

917 279 1025 308 λύεσθαι
1049 281 1079 309 τὸ
1100 283 1147 315 τῆς
1168 282 1272 320 ἀγάπης
1300 282 1415 320 ὄψλημα.
1439 282 1485 317 Μὴ
1509 281 1684 320 δυσχεράνητε

918 324 945 352 δὲ·
967 325 1031 363 πρὸς
1051 325 1081 353 τὸ
1102 328 1184 363 μῆκος
1204 329 1255 355 τῶν
1277 327 1424 364 μελλόντων
1449 327 1606 366 ῥηθήσεσθαι
1620 338 1625 343 ·
1641 326 1685 354 καὶ

918 370 969 409 γὰρ
985 371 1143 410 κιθαρῳδίαν
1164 375 1231 409 ὑμᾶς
1250 384 1309 400 τινα
1331 372 1483 410 θαυμαστὴν
1499 372 1600 405 διδάξαι
1623 371 1684 409 βού-

918 418 1016 454 λομαι,
1033 418 1091 456 οὐχὶ
1112 417 1193 456 λύραν
1215 418 1307 456 νεκρὰν
1329 418 1593 457 μεταχειρισάμενος,
1618 416 1686 445 ἀλλὰ

919 463 965 495 τὰς
977 464 1028 491 τῶν
1041 464 1153 502 Γραφῶν
1175 463 1289 502 ἱστορίας
1304 464 1349 492 καὶ
1368 463 1414 496 τὰς
1435 467 1479 492 τοῦ
1496 465 1566 492 Θεοῦ
1582 462 1686 494 ἐντολὰς

920 508 978 536 ἀντὶ
992 511 1088 547 νευρῶν
1103 509 1249 541 ἀνατείνας.
1267 508 1319 537 Καὶ
1333 509 1452 547 καθάπερ
1472 508 1612 547 κιθαρῳδοὶ
1628 507 1686 539 τοὺς

921 553 1062 586 δακτύλους
1079 557 1130 582 τῶν
1152 554 1372 592 μαθητευομένων
1387 554 1566 591 λαμῧάνοντες
1577 576 1584 589 ,
1598 553 1686 592 ἠρέμα

919 604 972 632 τοῖς
988 600 1107 638 φθόγγοις
1129 600 1307 638 προσάγουσι,
1326 599 1369 627 καὶ
1386 601 1552 638 διαψηλαφᾷν
1569 600 1624 636 μετ’
1640 601 1686 635 ἐμ-

921 646 1024 684 πειρίας
1040 646 1216 680 διδάσκοντες,
1228 647 1256 673 ἐκ
1269 647 1319 673 τῶν
1340 645 1448 683 ἀφώνων
1461 646 1578 684 φθόγγων
1595 656 1623 672 τε
1642 644 1686 672 καὶ

922 692 1018 729 νευρῶν
1036 691 1122 725 πάσης
1143 694 1229 729 φωνῆς
1246 691 1312 726 ἡδίω
1337 691 1381 718 καὶ
1401 690 1561 728 γλυκυτέραν
1582 689 1688 717 παιδεύ-

922 747 979 764 ουσι
993 737 1196 769 κατασκευάζειν
1212 736 1298 775 φωνήν
1313 748 1318 753 ’
1335 735 1402 764 οὕτω
1418 736 1448 770 δὴ
1465 735 1508 764 καὶ
1522 738 1598 774 ἡμεῖς
1612 734 1687 769 ποιή-

923 794 1015 818 σομεν,
1032 782 1088 810 ἀντὶ
1103 782 1236 811 δακτύλων
1251 782 1297 818 τὴν
1315 782 1428 811 διάνοιαν
1443 784 1515 819 ὑμῶν
1538 792 1689 819 μεταχειρι-

922 827 1045 865 σάμενοι,
1059 827 1103 855 καὶ
1118 832 1174 859 ταῖς
1186 828 1300 859 ἐντολαῖς
1315 831 1359 856 τοῦ
1374 829 1443 856 Θεοῧ
1465 826 1688 866 προσαγαγόντες,

923 874 980 910 μετ’
997 873 1132 911 ἐμπειρίας
1152 875 1236 901 αὐτῶν
1257 873 1383 902 ἅπτεσθαι
1404 872 1621 911 παρακαλέσομεν
1641 870 1689 904 τὴν

922 917 1050 956 ὑμετέραν
1072 919 1190 956 ἀγάπην,
1205 920 1252 957 οὐχ
1267 917 1309 946 ἵνα
1325 918 1466 956 ἀνθρώπων
1486 918 1606 956 θέατρον,
1632 917 1690 945 ἀλλ’

922 963 964 991 ἵνα
987 966 1037 992 τῶν
1053 964 1169 1003 ἀγγέλων
1184 965 1228 993 τὸν
1247 965 1330 1002 δῆμον
1352 964 1394 992 διὰ
1413 964 1509 998 ταύτης
1532 966 1578 998 τῆς
1597 963 1691 996 ἡδονῆς

923 1009 1098 1044 ἀναστήσητε.
1118 1011 1158 1038 Οὐ
1180 1009 1231 1048 γὰρ
1255 1011 1328 1050 ἀρκεῖ
1348 1009 1379 1037 τὰ
1396 1012 1452 1038 θεῖα
1473 1009 1549 1048 λόγια
1575 1009 1690 1037 ἐπελθεῖν

924 1055 1000 1092 μόνον
1011 1079 1018 1091 ,
1032 1055 1100 1084 ἀλλὰ
1121 1056 1158 1084 δεῖ
1172 1056 1217 1084 καὶ
1237 1057 1283 1089 τῆς
1299 1056 1350 1084 ἀπὸ
1365 1058 1416 1083 τῶν
1431 1055 1512 1094 ἔργων
1532 1054 1690 1087 ἐπιδείξεως.

924 1101 976 1130 Καὶ
991 1101 1109 1139 καθάπερ
1131 1101 1174 1129 ἐπὶ
1187 1104 1234 1135 τῆς
1254 1101 1362 1140 κιθάρας
1381 1101 1492 1129 ἅπτεται
1512 1100 1557 1137 μὲν
1573 1103 1587 1128 ὁ
1606 1099 1692 1138 τεχνί-

923 1158 971 1180 της
986 1149 1036 1174 τῶν
1051 1147 1162 1186 νευρῶν,
1178 1146 1288 1175 ἅπτεται
1314 1146 1340 1175 δὲ
1360 1145 1404 1174 καὶ
1426 1148 1439 1174 ὁ
1463 1145 1582 1184 ἄτεχνος,
1605 1146 1662 1173 ἀλλ’
1678 1146 1692 1173 ὁ

926 1190 972 1229 μὲν
987 1192 1064 1220 λυπεῖ
1076 1193 1119 1221 τὸν
1134 1191 1264 1230 ἀκροατὴν
1274 1214 1281 1226 ,
1298 1194 1311 1220 ὁ
1326 1191 1352 1220 δὲ
1367 1193 1520 1230 ψυχαγωγεῖ
1532 1192 1575 1220 καὶ
1592 1190 1692 1230 τέρπει,

925 1237 1009 1266 καίτοι
1024 1249 1053 1275 γε
1064 1239 1088 1266 ot
1101 1238 1174 1266 αὐτοὶ
1187 1238 1309 1266 δάκτυλοι
1320 1237 1365 1265 καὶ
1379 1239 1405 1265 αἱ
1420 1236 1497 1265 αὐταὶ
1513 1235 1616 1275 νευραὶ,
1632 1236 1690 1264 ἀλλ’

925 1283 973 1321 οὐχ
992 1286 1008 1317 ἡ
1026 1282 1090 1317 αὐτὴ
1112 1283 1253 1321 ἐμπειρία·
1269 1282 1337 1311 οὕτω
1362 1282 1392 1317 δὴ
1417 1282 1461 1310 καὶ
1481 1282 1524 1310 ἐπὶ
1546 1284 1597 1311 τῶν
1618 1281 1691 1310 θείων

926 1329 1056 1367 Γραφῶν,
1073 1328 1227 1368 ἐπέρχονται
1243 1329 1289 1366 μὲν
1302 1328 1393 1357 πολλοὶ
1411 1328 1443 1357 τὰ
1460 1331 1516 1357 θεῖα
1529 1328 1618 1367 λόγια,
1634 1328 1692 1356 ἀλλ’

926 1376 954 1403 οὖ
970 1374 1066 1407 πάντες
1086 1374 1278 1413 κερδαίνουσιν,
1291 1375 1347 1403 ow&
1366 1378 1527 1413 καρποῦνται
1541 1374 1650 1406 πάντες·
1663 1374 1692 1402 τὸ

927 1420 953 1448 δὲ
966 1420 1046 1448 αἴτιον
1058 1443 1065 1455 ‚
1080 1419 1170 1455 ἐπειδὴ
1185 1420 1251 1457 μήτε
1272 1425 1324 1452 τοῖς
1337 1419 1482 1459 εἰρημένοις
1500 1419 1675 1457 ε’μδαθύνουσι
1685 1441 1692 1453 ,

927 1466 993 1504 μήτε
1014 1466 1081 1504 μετὰ
1100 1466 1194 1505 τέχνης
1214 1468 1260 1500 τῆς
1281 1466 1389 1504 κιθάρας
1403 1466 1529 1494 ἅπτονται
1543 1477 1548 1483 ·
1563 1465 1628 1505 ὅπερ
1642 1464 1692 1503 γὰρ

926 1512 969 1540 ἐπὶ
993 1514 1039 1547 τ’ἧς
1061 1511 1217 1550 κιθαρῳδίας
1243 1515 1258 1546 ἡ
1287 1512 1379 1550 τέχνη,
1401 1514 1477 1540 τοῧτο
1502 1511 1546 1539 ἐπὶ
1571 1512 1622 1538 τῶν
1647 1513 1692 1539 τοῦ

927 1559 995 1586 Θεοῦ
1018 1557 1103 1595 νόμων
1124 1560 1140 1591 ἧ
1164 1557 1206 1585 διὰ
1226 1559 1277 1585 τῶν
1303 1557 1384 1595 ἔργων
1405 1556 1536 1589 ἐπίδειξις.
1551 1555 1621 1591 ’'HS-r,
1646 1555 1692 1593 μὲν

927 1599 969 1631 οἶν
983 1602 1044 1641 μίαν
1057 1602 1217 1642 ἕκρούσαμεν
1233 1602 1324 1642 νευρὰν
1341 1603 1373 1630 δι’
1389 1602 1451 1637 ὅλης
1471 1603 1518 1636 τῆς
1529 1613 1694 1640 τεσσαρακο·

928 1650 1004 1684 στῆς,
1024 1649 1068 1677 τὸν
1082 1648 1208 1688 περὶτῶν
1227 1649 1311 1688 ὅρκων
1332 1648 1410 1686 νόμον
1429 1650 1488 1686 ὑμῖν
1504 1647 1694 1686 ἀναγινώσκον-

927 1707 986 1731 τες,
1010 1695 1054 1723 καὶ
1077 1695 1119 1723 διὰ
1143 1695 1190 1730 τὴν
1211 1698 1255 1724 τοῦ
1275 1696 1344 1723 Θεοῦ
1364 1694 1441 1733 χάριν
1467 1692 1552 1722 πολλὰ
1576 1692 1694 1730 στόματα

928 1744 980 1770 τῶν
995 1743 1131 1780 ἀκροατῶν
1148 1745 1211 1779 ἡμῖν
1230 1741 1370 1776 ἐπαιδεύθη
1384 1740 1431 1775 τὴν
1454 1743 1499 1768 τοῦ
1513 1739 1591 1776 νόμου
1610 1740 1695 1778 μελῳ-

929 1787 986 1816 δίαν
1008 1787 1122 1823 ἐκείνου,
1143 1787 1188 1816 καὶ
1210 1787 1257 1822 τὴν
1280 1786 1396 1825 πονηρὰν
1420 1785 1597 1818 ἀπελάσαντες
1620 1785 1696 1820 συνή-

930 1836 1001 1862 θειαν
1023 1833 1080 1862 ἀντὶ
1100 1837 1144 1862 τοῦ
1162 1833 1205 1862 τὸν
1227 1832 1294 1862 Θεὸν
1319 1831 1442 1870 ὀμνύναι,
1464 1832 1494 1860 τὸ
1517 1830 1574 1867 ναὶ,
1600 1830 1645 1860 καὶ
1666 1831 1696 1859 τὸ

930 1880 971 1914 οὐ,
992 1879 1037 1907 καὶ
1062 1879 1092 1907 τὸ
1119 1878 1275 1913 πίστευσον,
1301 1877 1343 1906 ἐπὶ
1366 1880 1411 1905 τοῦ
1438 1876 1566 1914 στόματος
1589 1876 1695 1915 φέρουσι

929 1925 1053 1959 διηνεκῶς
1077 1924 1119 1953 ἐπὶ
1142 1924 1276 1957 διαλέξεως
1295 1923 1399 1957 ἁπάσης
1412 1934 1417 1940 ·
1433 1922 1480 1950 κᾶν
1506 1922 1602 1961 μυρίων
1624 1933 1696 1961 πρα-

928 1970 1037 2008 γμάτων
1053 1971 1152 2008 ἀνάγκη
1174 1970 1311 2008 βιάζηται,
1325 1967 1472 2007 περαιτέρω
1494 1968 1627 2006 προελθεῖν
1649 1968 1695 1996 οὐκ

929 2015 959 2043 ἂν
975 2016 1142 2054 ἀνάσχοιντο.

969 2061 1079 2096 Ἐπειδὴ
1094 2060 1120 2089 δὲ
1134 2061 1181 2088 οὐκ
1196 2061 1269 2098 ἀρκεῖ
1283 2058 1346 2098 πρὸς
1359 2059 1489 2097 σωτηρίαν
1503 2061 1566 2096 ἡμῖν
1580 2062 1640 2096 μιᾶς
1654 2059 1695 2086 ε’ν-

930 2108 1007 2141 τολῆς
1020 2106 1147 2145 ὑποδοχὴ,
1160 2105 1221 2145 φέρε
1232 2105 1345 2143 τήμερον
1358 2105 1401 2133 καὶ
1417 2105 1459 2133 ἐπὶ
1471 2104 1560 2143 ἑτέραν
1573 2105 1639 2141 ὑμᾶς
1652 2115 1696 2141 με·

930 2153 1086 2191 ταγάγωμεν
1101 2164 1106 2169 ·
1121 2152 1166 2180 καὶ
1178 2151 1227 2190 γὰρ
1243 2151 1287 2179 καὶ
1303 2152 1324 2179 εἰ
1340 2150 1376 2188 μὴ
1393 2149 1508 2182 ι’πάντες
1520 2148 1694 2187 κατώρθωσαν

931 2199 973 2228 τὸν
996 2198 1119 2237 πρότερον
1142 2197 1233 2235 νόμον,
1254 2196 1322 2224 ἀλλά
1340 2207 1368 2234 γε
1390 2198 1435 2224 τοῦ
1449 2194 1543 2233 χρόνου
1562 2193 1696 2232 προϊόντος

931 2243 989 2276 τοὺς
1004 2244 1152 2283 φθάσαντας
1167 2244 1190 2271 οἳ
1211 2241 1400 2281 ὑστερήσαντες
1415 2240 1624 2279 κακιλτζψονται.
1642 2240 1695 2268 Καὶ

932 2291 982 2329 γὰρ
995 2291 1074 2328 ἔγνων
1084 2311 1091 2323 ,
1101 2292 1136 2322 ὡς
1147 2288 1260 2322 τοσαύτη
1273 2291 1318 2316 τοῦ
1331 2287 1484 2325 πράγματος
1498 2287 1597 2325 γίνεται
1613 2297 1696 2315 σπου-

933 2335 963 2369 δὴ
975 2357 981 2369 ,
996 2337 1029 2367 ὡς
1043 2335 1088 2364 καὶ
1102 2335 1144 2363 ἐπὶ
1157 2333 1240 2365 οἰκίας
1254 2333 1298 2361 καὶ
1313 2332 1355 2361 ἐπὶ
1367 2331 1497 2371 τραπέζης
1511 2331 1619 2370 ἀνδράσι
1632 2332 1696 2370 πρὸς

931 2385 1054 2419 γυναῖκας
1064 2404 1071 2415 ,
1086 2380 1184 2412 δούλοις
1198 2379 1261 2418 πρὸς
1275 2378 1420 2416 ἐλευθέρους
1435 2377 1547 2415 ἅμιλλαν
1559 2372 1623 2405 εἶναι
1636 2377 1696 2415 περὶ

930 2428 976 2461 τῆς
988 2428 1092 2461 ἐντολῆς
1106 2425 1217 2462 ταύτης,
1230 2424 1274 2454 καὶ
1285 2423 1433 2462 ἐμακάρισα
1444 2421 1502 2455 τοὺς
1513 2422 1594 2454 οὕτως
1605 2423 1695 2451 ἑστιω-
