1757 2789
143 143 162 163 2
791 137 991 160 Annonrrio.

142 204 257 231 interim
271 211 415 230 sermones
432 201 468 230 de
481 201 549 230 aliis
564 201 648 229 rebus
672 201 815 228 habuisse.
832 200 911 227 Nam
932 209 1045 228 reverso
1059 209 1078 227 a
1093 199 1254 239 longinqua
1272 201 1326 229 illa
1343 202 1575 240 peregrinatione
1588 206 1672 238 patre

144 254 249 283 nostro,
273 249 466 276 necessarium
485 248 546 286 fuit
567 248 666 274 omnia
682 255 916 278 commemorare,
940 254 1004 282 quse
1023 247 1052 272 in
1073 247 1211 284 comitatu
1230 247 1408 282 acciderant,
1429 257 1464 274 ac
1483 247 1589 273 deinde
1608 256 1673 274 cum

141 294 297 333 gentilibus
314 294 471 332 disputare,
488 299 519 321 ut
535 293 587 320 hos
601 294 633 320 vi
650 291 831 320 calamitatis
848 290 887 318 ad
902 290 1049 317 meliorem
1063 290 1180 328 frugem
1199 298 1359 326 revocatos,
1385 294 1434 331 qui
1456 293 1567 319 deserto
1582 293 1675 329 genti-

144 341 215 368 lium
235 350 331 368 errore
345 349 407 367 sese
421 339 462 366 ad
475 349 526 366 nos
541 338 738 371 contulerant,
754 346 807 375 pro
823 336 907 364 virili
920 334 1160 373 confirmaremus
1173 346 1208 364 ac
1223 337 1399 371 doceremus,
1417 339 1536 375 quantis
1552 338 1675 364 tenebris

144 385 261 413 liberati
276 386 317 413 ad
331 391 445 413 tantam
457 385 549 412 lucem
562 384 697 411 veritatis
707 384 912 410 accurrissent.
931 381 1002 407 Post
1012 379 1067 406 illa
1077 389 1176 408 rursus
1187 382 1286 410 multis
1301 383 1399 410 diebus
1415 383 1675 420 martyrmnfesti-

145 432 280 459 vitatibus
287 433 373 470 potiti
380 440 489 464 sumus,
499 440 589 468 neque
600 429 721 466 tempori
729 426 1028 465 conveniensfitisset,
1040 435 1091 454 nos
1102 427 1245 464 quijuxta
1258 434 1422 464 martyrum
1434 428 1567 466 sepulcra
1573 438 1676 455 versa-

143 487 249 511 remur,
263 487 362 504 earum
378 476 499 504 laudum
512 485 575 513 quae
592 474 771 509 martyribus
787 473 927 499 debentur
938 477 1064 499 exsortes
1076 471 1229 499 discedere.
1241 472 1381 501 Successit
1396 474 1441 501 his
1456 483 1555 501 rursus
1571 473 1676 501 cohor-

144 524 216 550 tatio
228 522 268 550 ad
278 521 484 550 abstinendum
497 520 712 559 ajurainentis.
732 519 804 546 Cum
819 519 894 545 enim
909 523 999 545 totam
1011 518 1185 545 rusticorum
1200 520 1347 546 nationem
1359 520 1391 546 in
1406 520 1502 546 urbem
1516 521 1677 557 ingressam

143 577 334 601 cerneremus,
351 567 405 595 Ιιοε
421 566 488 594 illos
503 576 522 593 a
537 566 617 592 nobis
633 566 787 592 instructos
802 565 915 591 ‘viatico
928 565 1093 591 censuimus
1113 562 1311 591 dimittendos.
1324 564 1355 591 In
1369 563 1412 591 his
1427 564 1597 592 concionibus
1611 574 1676 601 quas

144 612 350 652 Chrysostomus
368 612 463 640 ordine
484 605 684 645 commemorat,
699 619 794 647 agmen
813 608 888 636 ducit
912 608 1029 636 Humilia
1051 608 1095 637 illa
1120 615 1179 648 post
1200 608 1316 637 reditum
1341 609 1477 644 Flaviani,
1490 620 1571 647 quam
1592 610 1617 637 in
1633 610 1677 638 die

143 665 233 686 sancto
244 658 352 686 Paschae
372 657 491 685 habitam
513 655 654 684 statuimus
676 655 702 682 in
715 654 872 683 Praefatione
893 653 927 681 ad
949 660 1074 691 quartum
1082 655 1210 691 Tomum‚
1228 661 1253 683 et
1270 655 1296 682 in
1312 655 1415 683 Monito
1430 655 1465 683 ad
1491 655 1630 683 Sermones
1650 655 1676 683 in

145 706 251 732 Annam
263 704 342 732 Tom.
358 704 408 737 IV,
423 714 451 742 p.
468 703 535 732 697,
552 701 655 729 Deinde
669 699 877 739 disputationem
893 699 988 728 habuit
1001 699 1210 739 Chrysostomus
1226 707 1316 729 contra
1331 701 1461 735 Gentiles,
1478 712 1510 729 an
1528 701 1555 729 in
1572 711 1621 729 una
1635 701 1678 730 vel

144 749 268 787 pluribus
283 748 463 783 concionibus,
479 758 530 776 non
547 746 664 775 declarat
678 746 742 785 ipse.
760 746 914 775 Successore
930 751 1022 783 postea
1038 753 1191 785 martyrum
1208 746 1372 775 celebritates
1393 747 1492 775 multis
1513 748 1621 775 diebus.
1640 749 1678 776 Ac

144 794 241 822 deinde
255 794 315 832 quia
328 793 461 832 populum
478 792 672 820 Antiochenum
683 790 793 830 jurandi
808 796 952 824 assuetum,
970 791 1088 829 repetitis
1102 802 1149 830 per
1164 798 1246 820 totam
1262 791 1501 829 Quadragcsimam
1517 791 1679 820 admonitio-

145 839 233 875 nibus,
249 839 283 867 ab
297 839 346 866 hac
359 849 441 878 prava
456 837 647 866 consuetudine
662 836 821 870 abduxerat,
836 836 887 863 alia
902 843 1058 873 argumenta
1075 836 1212 865 tractanda
1226 837 1351 876 suscepit.
1369 838 1472 866 Verum
1487 837 1550 875 quia
1568 837 1681 865 rustico-

147 895 207 913 rum
218 885 297 913 turba
312 894 407 922 magna
422 884 448 911 in
464 883 559 911 urbem
574 882 728 917 advenerat,
743 888 771 910 ut
787 882 835 910 hos
850 881 939 917 etiam,
950 881 995 918 qui
1009 881 1129 920 pristinis
1141 882 1313 910 concionibus
1326 893 1377 910 non
1390 883 1572 917 interfuerant,
1583 894 1597 910 a
1608 883 1682 921 jura-

147 930 242 958 mentis
254 930 422 964 abstcrreret,
432 928 574 968 pristinum
589 934 679 956 contra
698 928 848 966 juramenta
864 933 1051 964 argumentum
1063 927 1178 966 repetiit,
1195 934 1219 955 et
1234 928 1387 956 concionem
1401 928 1470 955 hanc
1481 927 1575 955 habuit
1585 928 1682 956 Domi-

144 975 201 1003 nica
216 977 263 1010 τῆς
275 974 468 1012 ἐπισωζομένης
483 984 562 1012 quam
576 972 746 1001 Dominicam
765 983 819 1001 esse
830 971 964 1001 Passionis
979 972 1044 1000 olim
1065 983 1126 1001 cum
1138 973 1313 1001 Tillemontio
1329 980 1498 1012 putaveram;
1510 984 1603 1002 verum
1614 983 1684 1002 nunc

144 1021 180 1049 ad
200 1021 296 1049 Leonis
317 1019 410 1048 Allatii
429 1019 584 1048 sententiam
602 1029 713 1058 prorsus
733 1017 839 1053 accedo,
857 1017 903 1056 qui
926 1017 963 1045 ait
986 1017 1156 1046 Dominicam
1175 1020 1222 1053 τῆς
1237 1018 1430 1056 ἐπισωζομένης
1450 1028 1505 1046 csse
1528 1018 1602 1046 illam
1625 1029 1684 1056 quae

145 1066 330 1095 Ascensionem
341 1065 449 1094 Domini
471 1065 615 1104 praecedit,
631 1064 703 1102 quod
720 1064 843 1102 pluribus
865 1062 1030 1102 expendetur
1049 1063 1074 1091 in
1094 1064 1252 1092 Praesatione
1267 1063 1301 1091 ad
1325 1070 1452 1101 quartum
1467 1065 1598 1100 Tomum,
1618 1071 1642 1093 ct
1656 1064 1683 1092 in

144 1111 249 1140 Monito
259 1111 294 1139 ad
306 1111 445 1139 Sermones
458 1111 484 1138 in
502 1112 607 1138 Annam
625 1109 718 1137 eodem
732 1110 826 1137 Tomo.

182 1156 260 1184 Illam
278 1156 361 1194 igitur
374 1156 525 1184 concionem
540 1155 689 1183 Dominicae
702 1161 763 1183 ante
777 1154 964 1184 Ascensioncm
979 1155 1012 1184 ad
1029 1155 1141 1184 rusticos
1154 1155 1273 1184 habitam
1285 1156 1323 1184 sic
1336 1155 1440 1184 orditur
1455 1155 1661 1194 Clirysostomus
1675 1167 1682 1183 ε

144 1202 250 1240 Epulis
264 1207 433 1229 sanctorum
450 1207 619 1237 martyrum
635 1202 747 1239 excepti
769 1202 838 1228 estis
855 1201 900 1228 lu's
915 1203 1069 1240 proeteritis
1091 1202 1192 1229 diebus
1209 1213 1216 1228 .·
1232 1202 1379 1240 spirituali
1396 1202 1564 1230 celebritate
1583 1203 1685 1240 repleti

142 1248 309 1275 exsultastis
326 1248 453 1275 honestis
478 1247 721 1275 exsultationibus
737 1258 744 1273 :
762 1246 880 1274 vidistis
898 1253 1000 1285 aperta
1023 1247 1128 1281 latera,
1146 1253 1172 1274 et
1194 1248 1248 1274 ilia
1262 1249 1388 1281 concisa,
1410 1257 1540 1275 cruorem
1557 1248 1684 1286 undique

143 1292 330 1333 defluentem,
346 1293 479 1331 infinitas
498 1298 704 1320 tormentorum
727 1293 855 1330 specics:
880 1293 1041 1319 humanam
1060 1293 1177 1320 vidistis
1201 1299 1337 1320 naturam
1360 1293 1597 1330 supernaturalia
1609 1304 1683 1332 pra>-

144 1344 280 1371 stantem,
291 1344 317 1365 ct
330 1347 452 1365 coronas
468 1339 610 1375 sanguine
624 1343 789 1373 contextas,
807 1337 947 1375 pulsastis
963 1338 1108 1372 choream,
1122 1338 1153 1364 in
1166 1348 1279 1365 omnem
1291 1344 1404 1376 partem
1417 1340 1544 1366 civitatis
1560 1339 1613 1366 hoc
1628 1339 1681 1366 tzo-

144 1389 223 1410 nesto
238 1383 310 1411 duce
332 1382 499 1418 (Flaviano)
518 1392 571 1410 vos
588 1384 802 1420 circumagente
816 1394 826 1415 ,·
838 1382 891 1410 sed
905 1393 955 1411 nos
975 1388 1001 1410 et
1021 1384 1126 1410 invitos
1141 1382 1298 1420 infirmitas
1317 1384 1396 1410 domi
1412 1393 1528 1411 manere
1549 1385 1680 1422 cogebat.

147 1429 256 1456 Tamen
267 1430 322 1456 etsi
336 1439 394 1456 non
412 1429 608 1466 interfuimus,
625 1428 660 1455 de
673 1429 825 1466 voluptate
836 1429 1078 1466 participavimus
1094 1439 1101 1454 :
1120 1430 1173 1455 etsi
1187 1428 1222 1455 de
1235 1430 1373 1456 concione
1388 1430 1519 1467 sructuin
1535 1439 1594 1456 non
1608 1431 1682 1468 cepi-

143 1484 216 1511 mus,
233 1475 384 1503 vobiscum
400 1480 498 1502 tamen
519 1474 652 1501 taetieiam
672 1484 853 1502 communem
876 1475 1039 1502 habuimus.
1056 1473 1136 1502 Talis
1158 1480 1199 1501 est
1218 1476 1295 1502 enim
1317 1476 1449 1502 caritatis
1464 1476 1529 1510 ¹¹wis,
1546 1481 1594 1502 etc.
1608 1474 1682 1503 Hanc

142 1519 237 1558 ipsam,
257 1519 284 1547 ni
300 1519 388 1556 fallor,
406 1519 524 1558 corporis
540 1519 725 1557 :egritudinem
744 1520 769 1547 in
786 1519 835 1547 liae
850 1519 929 1547 ctiam
945 1518 1069 1546 concione
1088 1526 1277 1547 commenwrat
1292 1519 1509 1558 Clu-ysostomus.
1533 1521 1683 1558 Utramque

141 1564 224 1600 enim,
237 1564 304 1592 hane
320 1564 420 1592 scilicet
435 1564 468 1592 de
476 1564 605 1592 Parabola
621 1564 748 1593 debitoris
759 1564 850 1592 decom
868 1565 986 1592 millium
1001 1565 1171 1599 talciitomiiii,
1183 1572 1207 1592 ct
1224 1565 1296 1593 illam
1309 1565 1341 1593 nd
1356 1566 1488 1600 Rusticus,
1504 1572 1562 1604 post
1574 1566 1683 1604 :egritu-

141 1609 231 1638 dinem
247 1610 350 1638 habuit.
367 1610 434 1639 Utra
446 1620 509 1639 vcro
521 1610 595 1649 prior
609 1610 701 1638 habita
711 1610 801 1645 suerit,
817 1611 873 1649 ipse
887 1610 1022 1639 declarare
1033 1609 1141 1638 videtur
1155 1610 1230 1638 initio
1242 1611 1404 1649 liujuscc‚dc
1417 1621 1469 1648 qua
1485 1622 1554 1639 nunc
1568 1612 1657 1650 agitur
1673 1624 1679 1640 :

143 1656 219 1683 illum
233 1656 334 1695 qnippe
349 1656 386 1684 sic
401 1656 522 1684 orditur:
538 1657 629 1694 Quasi
643 1667 678 1684 er
690 1657 851 1695 longinqua
859 1658 1092 1695 peregrinatione
1107 1657 1147 1683 ad
1160 1666 1214 1684 ‘vos
1229 1667 1357 1685 reversus
1367 1667 1467 1690 essem,
1483 1658 1525 1684 ita
1539 1667 1584 1684 me
1597 1658 1683 1686 hodie

142 1701 285 1739 affectum
299 1703 400 1729 sentio.
417 1701 480 1729 Ilzrc
495 1712 556 1729 sanc
568 1701 660 1738 verbu,
677 1708 701 1729 ct
713 1701 853 1739 complura
865 1712 923 1739 qnae
939 1708 1098 1738 sequuntur,
1118 1701 1206 1740 primo
1221 1708 1279 1740 post
1300 1708 1482 1741 recuperatam
1501 1702 1681 1730 valetudinem

142 1746 281 1775 salutantis
295 1754 356 1775 sunt
373 1759 380 1783 5
396 1747 431 1775 ita
446 1754 475 1775 ut
490 1746 544 1775 lime
557 1747 647 1775 concio
659 1746 732 1774 haud
745 1746 827 1775 dubio
843 1747 1001 1786 praeccsscrit
1013 1758 1081 1782 cam,
1094 1759 1154 1786 quae
1168 1748 1308 1776 Dominica
1322 1755 1381 1779 aute
1391 1747 1576 1777 Asccusionem
1590 1748 1681 1777 habita

142 1791 192 1819 snit
207 1802 275 1820 anno
288 1792 357 1829 587,
373 1803 406 1820 an
423 1803 476 1820 uno
488 1799 586 1828 autem,
602 1803 634 1820 an
647 1792 771 1831 pluribus
784 1792 890 1827 dicbus,
906 1792 1048 1821 incertum.

181 1837 366 1876 lutei-pretatio
381 1838 476 1867 Latina
491 1844 529 1867 cst
545 1838 617 1867 Petri
632 1837 730 1866 Nannii
747 1838 926 1876 Alcmariani,
941 1849 1021 1876 quam
1034 1838 1158 1878 plurimis
1170 1839 1196 1867 in
1211 1839 1276 1869 locis
1291 1840 1489 1879 castigavimus.
