1823 2789
45 771 177 794 1.Thess.5.

40 809 80 825 ΖΚ·

193 157 255 179 100
501 156 530 179 S.
558 155 696 180 JOANNIS
723 155 902 178 CHRYSOST.

188 219 309 256 mittunt,
325 224 348 246 et
362 217 541 247 adulteratum
555 229 569 246 a
581 218 697 257 genuino
709 217 875 256 distinguunt
890 229 896 245 ι

189 264 226 292 ita
240 265 282 292 fac
296 271 323 292 tu
341 274 457 302 quoque,
468 274 551 302 neque
564 274 710 292 sermonem
723 263 845 301 quemvis
853 262 901 290 ad-

189 310 275 347 mitte,
292 309 337 338 sed
353 309 533 337 adulterinum
551 309 660 347 quidem
670 332 678 343 ‚
693 315 900 347 corruptumque

187 355 236 384 abs
250 362 275 383 te
298 355 394 394 rejice,
410 355 543 393 integrum
563 362 651 383 autem
673 361 698 382 et
714 354 855 382 salutarem
872 354 900 382 in

187 407 261 429 tuam
281 407 395 429 mentem
416 400 535 429 admitte.
552 401 619 429 Sunt
642 400 727 436 enim,
744 406 805 428 sunt
821 399 901 428 etiam

187 447 237 474 tibi
250 453 353 475 staterae
366 457 396 475 ac
408 447 523 483 tmtinae,
536 457 587 474 non
597 457 631 474 ex
644 456 695 474 aere
705 446 825 484 ferroque
840 457 900 474 eon—

187 492 266 529 ssatae,
283 491 327 520 sed
345 503 378 520 ex
395 503 499 520 morum
515 492 669 520 castimonia
683 497 708 519 et
721 491 775 519 fide
793 502 902 531 compo-

189 538 255 573 sitae,
272 545 350 576 atque
366 537 408 565 his
419 548 523 566 omnem
537 548 684 565 sermonem
696 537 827 566 examina.
838 539 902 566 Pro-

189 591 277 622 pterea
301 594 415 621 namque
438 583 519 619 dixit,
545 582 635 611 Estote
649 582 726 622 probi
748 583 898 622 trapezitae,

189 639 241 657 non
254 636 283 657 ut
296 629 323 657 in
342 629 399 657 soro
420 635 516 657 stantes
537 628 663 667 pecunias
677 629 832 663 numeretis,
855 629 901 657 sed

190 682 219 703 ut
232 675 303 703 omni
325 674 446 703 adhibito
468 674 557 703 studio
578 684 710 702 sermones
724 675 899 704 examinetis:

190 726 328 758 propterea
363 719 462 747 Paulus
494 729 599 756 quoque
632 717 704 746 dixit
742 720 878 758 apostolus
891 743 899 756 ‚

192 766 298 793 Omnia
308 766 438 803 probate,
458 765 536 803 quod
549 770 645 791 autem
669 765 774 792 bonum
793 772 844 801 est,
861 772 902 794 te-

191 818 255 839 nete
268 811 373 838 solum.
390 811 480 847 Neque
494 820 556 837 vero
571 817 679 848 propter
691 810 900 849 explorationem

190 862 294 884 tantum
308 855 449 893 trapezitas
461 854 617 893 appellavit,
629 855 673 883 sed
689 862 713 883 et
732 863 841 895 propter
857 868 900 885 eo-

189 911 260 935 rum,
274 912 332 938 quae
345 899 485 928 commissa
497 907 576 936 sunt,
592 900 816 931 distributionem.
832 904 900 931 Nam

188 953 214 975 et
234 946 365 985 trapezitae
379 946 400 973 si
424 946 547 984 pecunias
568 953 689 985 acceptas
707 954 810 975 tantum
827 947 900 976 domi

189 991 337 1025 recludant,
354 1001 437 1028 neque
448 990 473 1018 in
489 991 555 1019 alios
570 991 629 1019 illas
643 991 815 1028 distribuant,
829 1000 899 1022 totus

188 1037 243 1066 iltis
255 1044 369 1075 quiestus
387 1037 498 1076 peribit3
511 1043 589 1075 atque
604 1037 675 1065 idem
687 1038 783 1066 accidit
795 1039 900 1068 audito-

187 1084 272 1111 ribus.
290 1083 318 1111 Si
334 1083 405 1111 enim
416 1089 549 1121 acceptam
558 1082 707 1111 doctrinam
718 1083 789 1122 apud
801 1091 826 1112 te
838 1096 899 1113 con-

186 1128 289 1166 cludas,
312 1139 359 1156 nee
376 1129 401 1156 in
414 1128 481 1157 alios
503 1128 652 1164 diffundas,
672 1135 724 1157 tota
746 1129 796 1157 tihi
818 1130 843 1158 in
861 1131 899 1158 ni-

186 1174 274 1202 hilum
312 1173 410 1201 recidet
439 1174 591 1207 negotiatio,
612 1175 754 1213 Propterea
786 1175 812 1203 in
845 1175 899 1210 illis

185 1219 305 1258 quotidie
320 1219 442 1247 videmus
456 1219 573 1247 officinis
588 1219 708 1248 homines
727 1220 796 1248 ultro
814 1221 899 1250 citro-

186 1276 237 1303 que
253 1275 407 1293 commeare,
423 1265 479 1293 lloc
497 1265 579 1302 igitur
591 1272 615 1292 et
633 1265 659 1293 in
675 1265 795 1294 doctrina
812 1277 899 1296 serve-

189 1318 240 1339 tur.
265 1310 405 1348 Siquidem
437 1310 510 1349 apud
548 1311 715 1339 numularios
750 1312 809 1340 illos
832 1313 898 1340 alios

187 1355 309 1384 videmus
337 1355 461 1394 pecunius
489 1356 666 1389 committere,
690 1357 756 1384 alios
780 1357 899 1396 accipere

188 1401 275 1429 statim
290 1409 314 1429 ct
330 1402 417 1435 abire,
435 1401 516 1439 idque
537 1409 591 1430 toto
606 1402 650 1430 dic
672 1403 729 1430 lieri
744 1403 832 1440 quivis
854 1414 898 1442 po-

188 1454 237 1475 test
259 1458 371 1476 eernere.
385 1447 452 1475 ltine
468 1448 506 1479 fit,
520 1455 548 1476 ut
569 1447 691 1485 quamvis
712 1449 825 1487 propriae
846 1450 897 1477 mi-

188 1492 259 1521 nime
274 1493 325 1521 sint
341 1493 393 1520 iltis
411 1493 527 1531 pecunia¹
538 1515 545 1528 ,
561 1493 623 1530 quia
637 1500 723 1521 tamen
740 1494 772 1522 ad
788 1505 825 1528 ea,
841 1506 900 1533 qua:

189 1538 332 1567 necessaria
349 1545 420 1575 sunt,
433 1538 485 1566 illis
501 1545 622 1575 utuntur,
636 1539 752 1568 multum
761 1551 793 1568 ex
807 1541 900 1569 alienis

189 1585 294 1612 lucrum
310 1584 458 1622 colligatur.
472 1585 509 1612 lta
528 1584 569 1612 sac
590 1591 618 1612 tu
638 1596 750 1622 quoque.
767 1587 824 1614 Non
840 1595 901 1617 sunt

189 1638 234 1659 tua
248 1630 305 1657 lnce
321 1630 435 1668 eloquia,
453 1629 497 1658 sed
521 1630 638 1669 Spiritus
653 1632 736 1660 sancti
748 1644 753 1659 :
767 1633 789 1660 si
813 1640 900 1663 tamen

190 1677 244 1705 illis
269 1675 350 1714 probe
366 1675 404 1703 uti
422 1676 537 1711 noveris,
553 1676 669 1704 multum
691 1677 739 1705 tibi
763 1679 901 1718 spirituale

190 1723 296 1750 lucrum
320 1732 443 1759 congeres
456 1733 461 1748 :
474 1721 572 1749 idcireo
588 1729 612 1750 et
627 1723 699 1750 Deus
714 1734 762 1752 vos
781 1726 903 1754 numula-

191 1768 244 1796 rios
262 1767 418 1806 appellavit.
434 1768 585 1795 Cui-autem
603 1778 750 1797 sermonem
763 1771 903 1808 pecuniam

191 1814 358 1853 appellavit?
371 1813 450 1847 Quod
465 1813 592 1841 nimirum
608 1815 833 1851 quemadmodum
859 1828 903 1856 pc-

193 1860 270 1888 eunia
290 1859 403 1898 perfecta
429 1859 497 1895 regis
523 1859 610 1895 effigie
629 1859 754 1897 insignita
777 1868 816 1890 est
832 1863 900 1898 (nisi

193 1906 263 1934 enim
277 1917 333 1933 cam
344 1916 498 1944 express-‘un
513 1905 620 1939 habeat,
633 1906 716 1944 proba
725 1908 836 1945 pecunia
851 1919 903 1937 non

194 1959 240 1986 cst,
249 1951 293 1979 sed
303 1951 402 1979 dieitur
411 1950 561 1978 adulterina
570 1953 588 1985 ),
600 1951 637 1978 sic.
648 1958 671 1979 et
683 1951 830 1982 doctrinam
841 1953 903 1982 fidei

193 1997 309 2035 liguram
330 2007 360 2024 ac
373 2003 462 2024 notam
486 1996 614 2024 sermonis
642 2004 744 2035 oportet
761 1999 904 2037 perfectam

194 2043 300 2071 hahere.
319 2043 421 2069 Rursus
435 2042 607 2080 pecuniarum
623 2054 685 2071 usus
701 2044 786 2072 vitam
800 2056 905 2074 omnem

195 2094 312 2115 nostram
324 2086 447 2120 continet,
459 2093 483 2114 ct
497 2093 679 2115 contractuum
695 2089 815 2118 omnium
830 2101 905 2119 occa-

196 2132 294 2161 sionem
312 2131 426 2169 prabet,
443 2137 467 2158 et
482 2142 525 2159 seu
539 2132 572 2160 sit
587 2133 729 2162 emendum
745 2135 884 2174 quidpiam
898 2158 905 2171 ‚

196 2188 240 2206 seu
254 2175 435 2211 vendendum,
448 2187 495 2214 per
506 2176 552 2204 has
568 2185 661 2205 cuneta
676 2180 838 2217 peragimus.
850 2181 906 2210 Hoc

196 2223 266 2252 idem
283 2222 313 2250 fit
330 2221 356 2249 in
374 2221 511 2258 doctrina,
528 2222 659 2260 siquidem
674 2225 854 2262 spiritualium
862 2238 906 2255 oe-

196 2268 266 2297 casio
289 2273 472 2295 contractuum
487 2273 512 2294 ct
536 2267 614 2296 radix
636 2275 674 2296 est
687 2269 835 2307 spiritualis
851 2272 908 2301 haee

197 2313 307 2353 pecunia
321 2325 326 2339 z
340 2323 392 2350 quo
409 2312 448 2347 fit,
458 2319 488 2340 ut
502 2312 524 2340 si
546 2312 611 2350 quid
626 2324 641 2341 a
656 2315 711 2342 Deo
726 2325 843 2345 coemere
857 2328 907 2346 vo-

195 2359 335 2392 luerimus,
345 2364 484 2386 numerato
499 2358 574 2397 prius
587 2369 695 2397 precum
707 2370 835 2396 sermone,
848 2369 907 2391 tum

197 2406 305 2434 demum
334 2403 404 2432 illud
428 2403 589 2442 accipiamus
600 2426 608 2437 ‚
635 2405 706 2442 quod
734 2407 907 2444 postulamus.

198 2450 278 2486 Quod
294 2449 316 2478 si
335 2449 509 2487 negligentem
537 2449 643 2477 fratrem
667 2450 816 2487 videamus,
831 2459 910 2490 atque

198 2502 351 2536 pereuntem
360 2517 368 2532 ,
384 2494 405 2522 si
416 2501 552 2532 tamquam
564 2495 704 2533 pecuniam
715 2495 842 2525 doctrinm
858 2508 909 2525 ser-

934 155 952 177 Α
959 157 1088 180 RCHIEP.
1117 157 1368 183 CONSTANTINOP
1375 175 1381 182 .

958 219 1029 247 νόθον
1057 219 1108 248 ἀπὸ
1131 223 1175 248 τοῧ
1195 221 1317 258 γνησίου·
1332 222 1398 250 οὕτω
1420 223 1464 250 καὶ
1492 223 1523 250 σὺ
1545 223 1661 259 ποίησον,
1676 224 1723 253 καὶ

959 264 994 300 μὴ
1011 264 1097 293 πάντα
1111 266 1261 304 παραδέχου
1275 267 1362 305 λόγον,
1379 268 1446 296 ἀλλὰ
1465 268 1509 296 τὸν
1526 268 1572 306 μὲν
1597 268 1719 302 κίῧδηλον

958 309 1002 337 καὶ
1018 310 1202 350 διεφθαρμένον
1217 311 1328 341 ἔκὲαλλε
1351 313 1402 341 ἀπὸ
1426 315 1470 342 σοῦ
1481 336 1488 348 ,
1503 314 1545 342 τὸν
1562 313 1588 342 δὲ
1602 316 1660 352 ὑγιῆ
1677 313 1721 342 καὶ

958 355 1089 394 σωτηρίαν
1106 356 1200 394 ἔχοντα
1214 357 1376 396 παράπεμπε
1388 361 1420 397 τῇ
1440 359 1550 399 διανοίᾳ.
1562 359 1640 387 Ἔστι
1655 359 1705 397 γὰρ
1715 382 1722 395 ,

957 399 1012 428 ἔστι
1027 401 1071 428 καὶ
1085 401 1125 429 σοὶ
1141 401 1205 440 ζυγὰ
1219 402 1264 430 καὶ
1284 404 1400 441 στάθμια
1415 406 1461 432 οὐκ
1485 405 1536 433 ἀπὸ
1553 406 1653 443 χαλκοῦ
1677 404 1723 433 καὶ

958 444 1063 482 σιδήρου
1079 446 1324 483 κατεσκευασμένα,
1339 448 1397 475 ἀλλ’
1417 447 1469 476 ἀπὸ
1489 449 1592 486 ἁγνείας
1614 448 1658 476 καὶ
1678 448 1723 476 πί-

958 500 1038 521 στεως
1053 490 1227 528 συγκείμενα,
1249 491 1293 518 καὶ
1319 491 1361 520 διὰ
1385 492 1483 520 τούτων
1510 493 1632 530 δοκίμαζε
1647 493 1722 530 λόγον

958 535 1070 562 ἅπαντα.
1087 536 1139 564 Καὶ
1153 536 1203 575 γὰρ
1219 536 1262 564 διὰ
1276 538 1351 565 τοῦτό
1363 549 1441 576 φησι,
1456 538 1557 577 γίνεσθε
1571 540 1724 577 τραπεζῖται

958 581 1073 617 δόκιμοι,
1087 583 1136 620 οὐχ
1150 581 1192 609 ἰ’να
1212 582 1256 610 ἐπὶ
1270 584 1317 616 τῆς
1329 585 1425 622 ἀγορᾶς
1440 585 1549 617 ἑστῶτες
1561 584 1594 613 τὰ
1612 585 1724 623 ἀργύρια

958 627 1086 664 ἀριθμῆτε
1097 649 1105 662 ,
1127 627 1185 656 ἀλλ’
1203 627 1245 655 ἰ’να
1272 628 1331 660 τοὺς
1354 629 1445 667 λόγους
1476 629 1632 667 βασανίζητε
1657 629 1722 667 μετὰ

958 671 1094 710 ἀκριὸείας
1105 672 1209 706 ἁπάσης
1218 685 1224 689 ·
1236 673 1278 701 διὰ
1289 677 1364 702 τοῦτο
1375 675 1419 703 καὶ
1436 677 1449 703 ὁ
1464 675 1606 707 ἀπόστολος
1622 675 1723 707 Παῧλός

957 728 1034 755 φησι-
1046 717 1140 746 Πάντα
1151 718 1303 756 δοκιμάζετε
1312 742 1318 754 ,
1330 720 1359 747 τὸ
1371 721 1449 748 καλὸν
1463 720 1489 748 δὲ
1501 720 1626 759 κατέχετε
1638 720 1723 758 μόνον.

957 764 997 791 Οὐ
1013 762 1055 791 διὰ
1063 763 1109 798 τὴν
1125 764 1280 802 δοκιμασίαν
1293 765 1319 794 δὲ
1331 766 1407 802 μόνον
1419 768 1487 803 ὑμᾶς
1498 766 1654 804 τραπεζίτας
1663 767 1724 794 ἐκά-

956 809 1039 843 λεσεν,
1052 808 1118 837 ἀλλὰ
1133 810 1177 837 καὶ
1193 809 1235 837 διὰ
1255 810 1301 845 τὴν
1314 813 1365 839 τῶν
1381 811 1618 849 καταδαλλομὲνων
1631 813 1722 848 νομήν.

958 854 1010 882 Καὶ
1024 854 1074 893 γὰρ
1085 858 1138 887 τοῖς
1150 856 1329 893 τραπεζίταις,
1344 856 1388 885 ἐὰν
1401 857 1477 894 μόνον
1490 857 1676 896 ὑποδεχόμενοι
1690 857 1723 886 τὰ

956 899 1082 939 χρήματα
1101 900 1292 930 κατακλείωσιν
1307 902 1387 937 οἴκοι,
1411 903 1506 940 μηκέτι
1531 902 1557 930 δὲ
1573 904 1606 935 εἷς
1622 903 1723 941 ἑτέρους

957 945 1124 983 διανέμωσιν,
1147 946 1217 975 ἅπαν
1231 947 1260 976 τὸ
1279 950 1325 982 τῆς
1346 949 1474 987 ἐμπορίας
1490 948 1640 987 οἰχήσεται·
1654 948 1722 976 οὕτω

957 990 1001 1018 καὶ
1025 992 1068 1019 ἐπὶ
1099 994 1150 1020 τῶν
1185 993 1318 1031 ἀκροατῶν
1348 994 1377 1021 τὸ
1418 994 1479 1022 αὐτὸ
1509 997 1584 1022 τοῦτο
1613 993 1722 1031 γίνεται.

955 1035 999 1064 Ἂν
1010 1036 1061 1074 γὰρ
1082 1036 1218 1074 δεξάμενος
1230 1038 1277 1071 τὴν
1295 1038 1465 1066 διδασκαλίαν
1476 1039 1549 1078 παρὰ
1569 1040 1657 1076 σαυτῷ
1669 1051 1721 1067 κα-

954 1084 1070 1119 τασχῇς,
1085 1083 1179 1119 μηκέτι
1195 1082 1221 1111 δὲ
1239 1085 1275 1114 εἰς
1294 1083 1395 1122 ἑτέρους
1414 1084 1544 1122 ἐκῧάλῃς,
1560 1083 1631 1112 πᾶσά
1646 1096 1691 1112 σου
1705 1086 1721 1118 ἠ

956 1127 1124 1165 πραγματεία
1147 1129 1341 1166 διαῤῥυήσεται.
1364 1129 1416 1157 Διὰ
1431 1133 1506 1158 τοῦτο
1520 1129 1562 1158 ἐπὶ
1577 1132 1629 1158 τῶν
1642 1131 1723 1168 ἔργα·

956 1173 1069 1211 στηρίων
1082 1174 1185 1202 ἐκείνων
1196 1174 1238 1201 διὰ
1252 1174 1340 1209 πάσης
1351 1175 1451 1213 ἡμέρας
1462 1175 1560 1204 εἴσοδόν
1574 1188 1602 1204 τε
1614 1176 1658 1204 καὶ
1668 1175 1723 1208 ἔξο-

956 1220 998 1247 δον
1004 1220 1142 1258 γινομένην
1149 1221 1350 1259 ὃρῶμεν.’1ὀῧτο
1358 1221 1441 1249 τοίνυν
1448 1222 1492 1249 καὶ
1498 1221 1540 1250 ἐπὶ
1550 1224 1595 1256 τῆς
1604 1222 1724 1250 διδασκα-

955 1265 1012 1298 λίας
1026 1265 1145 1303 γινέσθω.
1159 1266 1212 1294 Καὶ
1219 1266 1270 1305 γὰρ
1280 1267 1324 1295 καὶΙ
1337 1267 1379 1295 ἐπὶ
1387 1269 1438 1295 τῶν
1448 1269 1609 1305 τραπεζιτῶν
1618 1267 1722 1295 ἐκείνων

955 1313 1056 1349 ὁρῶμεν
1083 1311 1142 1343 τοὺς
1164 1311 1210 1348 μὲν
1226 1312 1439 1345 καταδάλλοντας
1461 1313 1600 1351 χρήματα,
1623 1313 1681 1345 τοὺς
1696 1314 1723 1341 δὲ

954 1357 1135 1393 λαμὸείνοντας
1147 1357 1240 1389 εὐθέως
1251 1380 1257 1392 ,
1273 1357 1317 1386 καὶ
1331 1357 1468 1392 ἀπιόντας,
1482 1358 1526 1386 καὶ
1537 1358 1662 1386 τοῦτοδιὰ
1673 1359 1723 1387 πά-

957 1414 1003 1438 σης
1012 1403 1111 1443 ἡμέρας
1119 1403 1253 1441 γινόμενον
1261 1403 1310 1431 ἴδοι
1319 1416 1358 1436 τις
1374 1404 1413 1432 ἄν.
1426 1404 1476 1432 Διὰ
1486 1407 1570 1437 τοῦτο,
1579 1405 1664 1433 καίτοι
1672 1407 1722 1433 τῶν

956 1448 1100 1488 χρημάτων
1112 1450 1158 1477 οὐκ
1179 1449 1258 1477 ὄντων
1276 1451 1362 1481 αὖτοῖς
1376 1450 1488 1485 οἰκείων,
1499 1450 1587 1485 ἐπειδὴ
1600 1452 1632 1488 τῇ
1654 1451 1722 1490 χρή-

957 1506 996 1523 σει
1012 1495 1076 1532 πρὸς
1087 1494 1116 1522 τὸ
1129 1494 1184 1522 δέον
1200 1494 1357 1534 κέχρηνται,
1373 1495 1416 1523 διὰ
1428 1498 1479 1523 τῶν
1495 1496 1639 1535 ἀλλοτρίων
1653 1498 1722 1525 πολ-

956 1539 1002 1574 λὴν
1018 1542 1118 1571 ἑαυτοῖς
1143 1540 1297 1577 συλλέγουσι
1317 1540 1363 1574 τὴν
1378 1540 1508 1579 εὐπορίαν.
1524 1540 1603 1569 Οὕτω
1626 1541 1670 1569 καὶ
1691 1542 1723 1569 σὺ

957 1585 1074 1619 ποίησον.
1100 1586 1157 1613 Οὐκ
1181 1585 1237 1613 ἔστι
1262 1588 1344 1613 ταῦτα
1364 1586 1396 1613 τὰ
1421 1586 1496 1623 λόγια
1526 1586 1573 1621 σὰ,
1592 1586 1658 1615 ἀλλὰ
1678 1590 1722 1616 τοῦ

957 1630 1111 1668 Πνεύματος
1124 1642 1129 1647 ·
1153 1631 1210 1658 ἀλλ’
1238 1630 1308 1668 ὅμως
1333 1631 1376 1659 ἐὰν
1401 1631 1510 1669 ἀρίστην
1533 1631 1646 1670 ἐπιδείξῃ
1676 1632 1724 1666 τὴν

957 1677 1062 1713 χρῆσιν,
1090 1675 1190 1710 πολλὴν
1216 1678 1300 1715 ἑαυτῷ
1323 1676 1437 1709 συνάξεις
1461 1676 1508 1711 τὴν
1531 1677 1653 1716 εὐπορίαν
1676 1677 1722 1712 τὴν

958 1722 1137 1758 πνευματικήν
1147 1733 1152 1738 ·
1169 1721 1211 1750 διὰ
1225 1724 1300 1750 τοῦτο
1314 1722 1359 1749 καὶ
1377 1722 1532 1760 τραπεζίτας
1546 1724 1612 1759 ὑμᾶς
1635 1722 1724 1751 ἐκάλε-

959 1778 1001 1794 σεν
1015 1769 1027 1795 ὁ
1039 1767 1114 1799 Θεός.
1128 1767 1206 1800 Τίνος
1228 1767 1255 1795 δὲ
1271 1767 1355 1795 ἕνεκεν
1377 1768 1500 1807 ἀργύριον
1515 1768 1558 1796 τὸν
1572 1768 1647 1806 λόγον
1661 1768 1722 1797 ἐκά-

959 1814 1046 1848 λεσεν;
1063 1812 1173 1848 Ἐπειδὴ
1188 1813 1306 1852 καθάπερ
1324 1813 1353 1842 τὸ
1368 1813 1488 1852 ἀργύριον
1509 1814 1552 1842 τὸν
1567 1817 1724 1853 χαρακτῆρα

961 1858 1015 1896 ἔχει
1028 1858 1220 1897 ἀπηρτισμένον
1236 1858 1279 1886 τὸν
1296 1859 1430 1897 βασιλικόν
1441 1859 1504 1894 (κᾶν
1516 1859 1566 1898 γὰρ
1586 1860 1621 1897 μὴ
1636 1862 1724 1889 τοῦτον

961 1903 1008 1942 ἔχῃ
1018 1927 1024 1939 ,
1036 1905 1085 1932 οὐκ
1098 1903 1166 1932 ἔστιν
1184 1904 1305 1943 ἀργύριον
1324 1905 1441 1942 δόκιμον,
1459 1905 1526 1933 ἀλλὰ
1539 1905 1661 1940 κίῧδηλον
1674 1917 1724 1934 κα-

961 1950 1045 1977 λεῖται
1056 1952 1074 1985 ),
1095 1949 1162 1978 οὕτω
1188 1950 1231 1978 καὶ
1246 1950 1293 1984 τὴν
1310 1949 1479 1978 διδασκαλίαν
1494 1952 1540 1984 τῆς
1554 1950 1666 1983 πίστεως
1682 1950 1724 1978 τὸν

962 1997 1119 2034 χαρακτῆρα
1133 1997 1177 2023 roi]
1192 1995 1269 2034 λόγου
1285 1995 1478 2034 ἀπηρτισμένον
1494 1995 1562 2034 ἔχειν
1578 1997 1624 2024 δεῖ.
1640 1997 1726 2025 Πάλιν

963 2043 1013 2069 τῶν
1037 2040 1166 2080 ἀργυρίων
1181 2043 1197 2075 ἦ
1211 2043 1305 2080 χρῆσις
1329 2046 1416 2070 πᾶσαν
1433 2043 1508 2078 ἡμῶν
1524 2045 1659 2080 συγκροτεῖ
1679 2041 1726 2076 τὴν

963 2086 1041 2121 ζωὴν,
1054 2086 1098 2114 καὶ
1112 2086 1278 2124 συμὸολαίων
1289 2086 1412 2115 ἁπάντων
1425 2085 1543 2118 ὑπόθεσις
1555 2086 1667 2124 γίνεται,
1679 2087 1726 2115 κᾶν

964 2133 1091 2171 ἀγοράσαι
1103 2144 1143 2168 τι,
1158 2132 1205 2161 κᾶν
1226 2133 1349 2167 πωλῆσαι
1371 2133 1414 2171 δέῃ
1426 2155 1432 2167 ,
1449 2132 1491 2161 διὰ
1514 2132 1610 2161 τούτων
1623 2133 1727 2162 ἅπαντα

963 2178 1123 2216 πράττομεν.
1138 2179 1223 2207 Τοῦτο
1237 2178 1281 2206 καὶ
1305 2178 1347 2207 ἐπὶ
1367 2181 1412 2213 τῆς
1427 2178 1595 2210 διδασκαλίας
1611 2177 1726 2216 γίνεται·

963 2225 1014 2252 τῶν
1028 2223 1078 2263 γὰρ
1092 2224 1258 2261 συμῗῗολαίων
1279 2225 1463 2261 πνευματικῶν
1479 2223 1598 2256 ὑπόθεσίς
1614 2225 1669 2253 ἐστι
1683 2225 1727 2253 καὶ

964 2269 1021 2308 ῥίζα
1032 2270 1061 2298 τὸ
1072 2270 1194 2309 ἀργύριον
1205 2272 1279 2298 τοῦτο
1286 2269 1316 2297 τὸ
1327 2269 1502 2307 πνευματικόν
1511 2281 1517 2286 ·
1529 2269 1584 2297 ὅθεν
1597 2269 1644 2298 κᾶν
1656 2270 1728 2308 παρὰ

962 2319 1006 2344 τοῦ
1021 2316 1088 2343 Θεοῦ
1101 2327 1126 2343 τι
1141 2316 1307 2353 βουληθῶμεν
1320 2315 1463 2353 ἀγοράσαι,
1479 2315 1521 2343 τὸν
1532 2315 1608 2353 λόγον
1622 2317 1669 2349 τῆς
1683 2316 1728 2344 εὔ-

962 2363 1012 2398 χῆς
1038 2360 1228 2393 καταίῗαλόντες
1254 2362 1366 2398 πρῶτον,
1381 2360 1448 2388 οὕτω
1476 2361 1645 2398 λαμὸάνομεν
1661 2361 1728 2400 ἅπερ

964 2407 1095 2444 αἰτοῦμεν.
1111 2405 1167 2434 Κᾶν
1179 2406 1288 2444 ἀδελφὸν
1303 2405 1398 2443 ἴδωμεν
1410 2406 1576 2443 ἠμελημένον
1589 2406 1634 2434 καὶ
1647 2408 1728 2435 ἀπολ-

963 2451 1084 2489 λύμενον,
1110 2452 1157 2486 τὴν
1183 2452 1314 2490 σωτηρίαν
1338 2453 1415 2480 αὐτοῦ
1438 2452 1608 2491 κερδήσομεν,
1622 2453 1666 2481 καὶ
1681 2453 1728 2488 τὴν

965 2497 1032 2531 ζωὴν
1047 2497 1207 2536 ἀγοράσομεν
1225 2498 1268 2526 τὸν
1285 2497 1360 2536 λόγον
1385 2499 1431 2532 τῆς
1453 2498 1621 2530 διδασκαλίας
1643 2510 1727 2527 κατα-

199 2552 303 2572 monem
323 2539 567 2579 numeraverinms,
585 2541 696 2569 salutem
715 2541 798 2581 ipsius
819 2542 909 2571 lucra-
928 2548 945 2571 Ι)
965 2543 1111 2575 ῧάλλοντες.
1138 2544 1183 2572 Διὸ
1206 2543 1257 2582 χρὴ
1275 2543 1341 2581 μετὰ
1363 2542 1496 2582 ἀκριὸείας
1512 2543 1615 2577 ἁπάσης
1630 2544 1728 2581 φυλάτ-
