1840 2839
516 176 603 203 Qtion
630 175 723 197 Mino
750 175 895 197 t.f.t)1'r[5n
926 174 987 196 Ntst
1018 174 1034 195 A
1066 172 1189 196 Stitvso.

85 247 144 273 μιον
166 236 211 265 καὶ
226 236 325 276 μυρίων
344 235 458 275 γέμοντα
480 237 563 275 φόνων
581 238 790 276 ἀποστρέφεσθαι
804 237 850 265 δεῖ.

85 283 155 310 Ἀλλ’
169 285 186 317 ἡ
197 282 285 316 πενία,
302 282 384 320 φησὶ,
400 282 594 322 παρασκευάζει
607 283 794 321 δυσχεραίνειν,
807 282 851 311 καὶ

84 328 212 360 πολλάκις
226 327 270 357 καὶ
284 328 428 366 βλάσφημα
445 328 550 366 ῥήματα
565 328 700 357 §attatum
710 351 716 363 ‚
737 329 781 357 καὶ
793 330 850 357 ἀνε-

84 373 192 414 λεύθερα
207 375 352 413 πράγματα
371 373 519 410 ὑπομένειν.
543 376 604 413 Οὐχ
622 378 637 410 ἡ
651 374 740 409 πενία,
763 376 820 404 ἀλλ’
833 377 848 409 ἡ

87 419 252 459 μικροψυχία
263 432 269 437 ·
287 419 343 448 ἐπεὶ
357 420 401 448 καὶ
417 422 430 448 ὑ
446 420 565 459 Λάζαρος
576 420 656 455 πένης
670 416 711 456 ἧν,
729 421 773 449 καὶ
785 420 849 459 σφό-

84 467 133 504 δρα
155 477 184 504 γε
202 465 296 500 πένης·
318 465 362 494 καὶ
375 467 407 503 τῇ
438 465 514 504 πενία
534 469 634 504 προσῆν
653 467 697 495 καὶ
717 465 850 505 ἀρρωστία

84 511 182 543 πενίας.
196 511 300 545 ἁπάσης
318 511 460 551 πικροτέρα
472 533 479 546 ,
502 514 518 546 ἡ
534 512 578 540 καὶ
593 511 640 546 τὴν
653 512 743 541 πενίαν
753 512 850 546 ταύτην

85 557 273 596 χαλεπωτέραν
287 559 399 586 ποιοῦσα
409 569 414 574 ·
433 558 476 586 καὶ
489 560 520 596 τῇ
536 558 670 597 ἀρρωστίᾳ
684 558 780 597 ἐρημία
797 560 848 586 τῶν

83 603 314 641 προστησομένων,
331 603 375 631 καὶ
389 603 485 641 ἀπορία
500 605 551 631 τῶν
565 603 757 643 θεραπευόντων
768 625 775 638 ,
792 603 849 637 ἥτις

81 649 126 677 καὶ
146 648 194 683 τὴν
212 649 302 677 πενίαν
313 649 358 677 καὶ
370 648 418 683 τὴν
431 649 578 688 ἀρρωστίαν
593 649 750 688 πικροτέραν
762 649 849 688 εἰργά-

82 696 149 728 ζετο.
168 694 274 723 Τούτων
290 694 341 733 γὰρ
356 694 466 723 ἕκαστον
485 695 530 722 καὶ
548 695 605 723 καθ’
625 695 701 723 ἑαυτὸ
719 694 766 732 μὲν
786 695 847 723 ὀδυ-

81 741 173 779 νηρὸν,
188 740 250 770 ὅταν
265 740 291 768 δὲ
307 740 374 778 μηδὲ
389 743 412 769 οἱ
424 740 610 779 θεραπεύοντες
625 735 689 776 ὦσι,
710 742 796 778 μεῖζον
808 740 848 779 γί·

79 799 151 815 νεται
167 788 196 816 τὸ
213 787 312 822 δεινὸν,
333 786 509 825 χαλεπωτέρα
528 789 544 822 ἡ
563 786 641 825 φλὸξ,
665 786 808 826 πικροτέρα
829 789 845 822 ἡ

79 833 156 867 ὀδύνη
166 853 173 865 ,
187 831 344 872 ἀγριώτερος
359 834 373 860 ὁ
385 831 487 871 χειμὼν
497 854 504 867 ,
521 832 692 872 σφοδρότερον
703 831 733 860 τὸ
747 832 847 861 κλυδώ-

78 890 140 913 νιον,
155 877 353 917 φλογωδέστέρα
368 880 384 912 ἡ
396 877 516 915 κάμινος.
535 879 567 906 1ἑί
578 877 606 906 δέ
617 890 655 910 τις
668 877 782 916 ἀκριὸῶς
795 877 846 911 ἐξε-

78 924 176 958 τάσειε,
198 924 242 952 καὶ
265 924 352 963 ἕτερον
373 923 473 956 τούτοις
492 924 616 964 τέταρτον
638 927 756 963 προσ-ἧν,
769 927 785 959 ἡ
801 928 846 953 τοῦ

78 971 250 1003 πλουτοῦντος
271 971 299 999 ἐκ
317 969 439 1009 γειτόνων
462 971 592 1002 οἰκοῦντος
609 970 683 998 ἄδεια
695 970 739 998 καὶ
753 970 846 1010 τρυφή.

79 1017 114 1044 lit
138 1016 164 1044 δὲ
191 1015 278 1054 βούλει
299 1027 324 1043 τι
347 1015 391 1044 καὶ
415 1015 536 1053 πέμπτον
559 1016 624 1044 ἄλλο
647 1018 740 1055 εὑρεῖν,
767 1016 847 1045 ὑπέκ-

79 1073 170 1099 καυμα
185 1063 231 1095 τ’ῆς
245 1060 353 1099 φλογὸς,
375 1061 420 1089 καὶ
439 1064 515 1090 τοῦτο
529 1062 587 1100 ὄψει
604 1064 692 1101 σαφῶς
709 1063 780 1101 αὐτῷ
798 1074 846 1091 πε-

81 1106 234 1146 ρικείμενον.
273 1107 313 1135 Οὐ
336 1106 386 1145 γὰρ
411 1106 442 1141 δὴ
469 1107 545 1144 μόνον
566 1106 664 1146 ἐτρύφα
688 1110 701 1136 ὁ
724 1108 847 1141 πλούσιος

79 1153 189 1186 ἐκεῖνος,
213 1152 281 1181 ἀλλὰ
301 1152 346 1181 καὶ
368 1152 485 1191 δεύτερον
509 1153 553 1182 καὶ
574 1153 674 1192 τρίτον,
699 1155 798 1192 μᾶλλον
820 1154 846 1182 δὲ

79 1197 124 1226 καὶ
136 1198 275 1230 πλεονάκις
289 1200 335 1232 τῆς
347 1197 448 1236 ἡμέρας
460 1198 534 1227 αὐτὸν
548 1201 614 1237 ὁρῶν
624 1211 629 1216 ·
650 1199 722 1238 παρὰ
736 1199 786 1238 γὰρ
799 1199 846 1234 τὴν

79 1243 177 1272 εἴσοδον
194 1243 314 1283 ἔρριπτο,
333 1246 344 1258 ‘²
354 1243 461 1283 θέατρον
482 1245 599 1283 χαλεπὸν
614 1246 726 1279 ἐλεεινῆς
739 1258 846 1285 τραγῳ-

78 1288 134 1322 δίας
151 1289 187 1317 ὢν
197 1312 204 1325 ,
226 1289 271 1318 καὶ
287 1291 320 1327 τῇ
338 1289 396 1328 ὄψει
408 1289 484 1327 μόνον
499 1290 544 1318 καὶ
555 1289 655 1326 λιθίνην
667 1291 754 1324 ἱκανὸς
764 1303 846 1320 κατα-

77 1335 193 1374 μαλάξαι
214 1335 316 1374 ψυχήν·
343 1335 388 1364 καὶ
409 1335 480 1373 ὅμως
503 1336 559 1364 οὐδὲ
580 1340 656 1365 τοῦτο
677 1337 846 1366 ἐπεσπάσατο

75 1381 118 1410 τὸν
138 1381 313 1421 ἀπάνθρωπον
335 1382 430 1410 ἐκεῖνον
454 1383 490 1414 εἰς
512 1381 559 1417 τὴν
577 1384 624 1417 τῆς
638 1383 730 1416 πενίας
744 1384 845 1419 ἐκείνης

76 1427 212 1466 ἀντίληψιν
224 1439 230 1445 ·
251 1428 308 1456 ἀλλ’
324 1430 337 1456 ὁ
354 1427 399 1466 μὲν
415 1427 586 1468 συὸαριτικὴν
607 1429 761 1468 παρετίθετο
781 1430 844 1470 τροί-

75 1475 156 1507 πεζαν
167 1496 174 1509 ,
190 1473 235 1502 καὶ
255 1476 389 1512 κρατῆρας
408 1469 477 1513 εἶχεν
496 1474 686 1512 ἐστεμμένους,
699 1476 745 1504 καὶ
756 1476 842 1516 ἄκρα-

75 1530 119 1547 τον
142 1519 232 1552 ἅπλῶς
252 1518 425 1558 ἐκχεόμενον,
454 1519 499 1548 καὶ
523 1519 688 1560 στρατόπεδα
710 1521 842 1562 μαγείρων

852 1549 888 1569 456

1548 161 1616 206 5155

907 247 942 264 ea:
966 243 991 264 et
1011 235 1108 271 hostes,
1130 241 1208 273 atquc
1235 234 1347 262 infinitis
1367 235 1467 262 referta:
1489 235 1619 270 cudibus,

905 280 1059 310 aversanda}
1073 288 1142 309 sunt.
1160 283 1194 309 At
1206 287 1358 319 paupertas,
1369 280 1466 318 iuquit,
1483 281 1617 309 molestias

905 334 985 363 creat,
996 337 1027 355 ac
1041 337 1109 366 saepe
1120 326 1200 355 etiam
1216 326 1290 363 facit,
1305 332 1334 353 ut
1346 325 1474 354 maledica
1491 327 1516 354 in
1530 327 1617 354 Deum

905 373 986 401 rerba
1001 372 1117 408 estimas,
1137 383 1167 400 ac
1183 371 1326 400 illiberalia
1350 372 1454 408 negotia
1473 372 1613 411 suscipias.

904 420 962 447 Non
977 426 1129 458 paupertas,
1145 417 1191 447 scd
1205 417 1414 458 pusillanimitas
1429 429 1434 444 t
1450 428 1510 445 nam
1525 425 1548 446 et
1565 419 1615 446 La-

904 475 979 493 zarus
993 476 1093 505 pauper
1104 471 1171 499 erat,
1186 471 1211 493 et
1221 463 1367 492 admodum
1376 463 1485 501 quidem
1503 474 1615 503 paupcr;

904 511 1055 549 paupertati
1080 509 1222 539 accedebat
1255 508 1366 538 adversa
1395 509 1519 538 valetudo
1545 510 1615 538 omui

905 563 1060 595 paupertate
1076 556 1205 592 acerbior,
1229 565 1286 594 quae
1309 562 1492 595 paupertatem
1511 565 1618 594 quoque

904 601 1031 629 reddebat
1044 602 1207 639 graviorc1n5
1221 601 1339 630 adversa·
1359 601 1506 630 valetudini
1520 602 1617 630 solitu-

904 645 939 674 do
960 653 985 675 et
1011 647 1121 685 penuria
1147 658 1250 684 eorum,
1278 647 1323 685 qui
1351 646 1541 680 ministrarent,
1558 658 1616 685 qua:

903 702 964 720 cum
985 699 1178 731 paupertatem,
1199 699 1257 720 tum
1276 692 1415 721 adversam
1435 692 1616 721 valetudinem

902 737 1017 766 faciebat
1044 738 1215 766 acerbiorem.
1240 738 1342 766 llorum
1373 749 1486 776 namque
1512 739 1616 777 singula

902 794 950 822 per
970 794 997 812 sc
1018 795 1124 822 quoque
1143 785 1252 813 molesta
1276 792 1351 820 sunt3
1373 794 1435 812 cum
1450 795 1512 813 vero
1535 795 1618 823 neque

901 829 946 867 qui
974 830 1141 866 ministrent,
1165 830 1273 866 adsunt,
1298 831 1384 869 major
1413 830 1443 858 fit
1466 830 1615 867 calailiitas,

901 875 998 904 saevior
1016 875 1135 913 flamma,
1151 876 1229 904 dolor
1243 876 1373 913 acerbior,
1390 883 1531 915 tempestas
1547 883 1618 905 atro-

900 921 966 956 cior,
982 922 1078 950 fluctus
1093 922 1313 958 vehementiores,
1336 922 1457 950 caminus
1470 922 1615 951 ardentior.

902 967 982 1001 Quod
991 967 1011 995 si
1024 968 1084 1006 quis
1095 975 1217 996 accurate
1228 968 1437 1007 circumspiciat,
1450 967 1525 996 atiud
1537 968 1618 996 etiam

902 1013 944 1041 bis
953 1021 1079 1052 quartum
1094 1013 1246 1048 accedebat,
1262 1024 1355 1053 nempe
1367 1013 1461 1041 divitis
1477 1013 1503 1041 in
1518 1013 1618 1042 vicinia

900 1059 1046 1088 habitantis
1067 1060 1173 1088 licentia
1198 1066 1223 1088 et
1247 1060 1337 1089 luxus.
1362 1060 1410 1089 Sin
1438 1059 1513 1088 aliud
1537 1059 1615 1087 etiam

900 1105 1023 1143 quintum
1036 1106 1079 1134 vis
1090 1105 1220 1144 invenire,
1233 1106 1347 1134 flammat
1359 1105 1433 1134 illius
1442 1105 1574 1141 fomitem,
1590 1104 1617 1133 id

900 1162 1004 1189 quoque
1016 1152 1042 1179 iu
1060 1162 1090 1180 co
1102 1151 1240 1191 perspicue
1253 1151 1367 1180 videbis.
1383 1152 1440 1180 Non
1453 1151 1524 1180 enim
1538 1151 1616 1179 dum-

901 1202 973 1225 taxat
989 1197 1067 1235 genio
1082 1196 1239 1235 indulgebat
1252 1196 1329 1225 dives
1342 1196 1398 1233 ille,
1417 1207 1512 1225 verum
1535 1197 1614 1225 etiam

900 1243 947 1270 etsi
970 1243 1079 1279 iterum,
1093 1242 1215 1280 tertium,
1238 1242 1292 1271 imo
1313 1253 1376 1271 vero
1402 1242 1499 1282 saepius
1520 1243 1547 1271 in
1572 1242 1616 1271 die

900 1298 961 1316 eum
976 1288 1086 1317 videbat
1105 1300 1112 1315 ι
1127 1288 1206 1327 juxta
1219 1288 1368 1326 ingressum
1379 1298 1491 1327 namque
1501 1288 1615 1328 jacebat,

900 1335 1082 1373 spectaculum
1096 1334 1188 1362 dirum
1200 1334 1360 1362 miserabilis
1376 1334 1524 1373 tragoediae,
1537 1335 1615 1373 etqui

899 1386 1006 1418 aspectu
1022 1380 1078 1408 solo
1092 1380 1136 1409 vel
1157 1378 1292 1418 lapideum
1308 1386 1401 1418 pectus
1418 1386 1518 1418 poterat
1533 1381 1615 1409 emol-

898 1426 948 1455 lire
966 1438 972 1454 ε
994 1434 1082 1456 tamen
1104 1438 1190 1465 neque
1211 1427 1264 1455 boc
1284 1426 1462 1455 inhumanum
1481 1427 1559 1455 illum
1581 1427 1615 1455 ad

898 1482 955 1501 eam
973 1479 1158 1512 paupertatem
1179 1472 1321 1501 levandam
1337 1472 1489 1512 permovit:
1507 1472 1553 1501 sed
1569 1471 1616 1500 ille

898 1519 1073 1558 sybariticam
1088 1518 1239 1558 apponebat
1253 1529 1380 1554 mensam,
1397 1525 1511 1547 crateras
1526 1518 1613 1547 habe—

75 1564 200 1605 λαμπρὰ,
225 1564 270 1594 καὶ
295 1565 456 1604 παρασίτους
479 1566 524 1594 καὶ
550 1566 665 1600 κόλακας
685 1567 741 1605 ἅμα
763 1568 843 1608 πρωῒ,
861 1577 880 1599 Α
897 1565 943 1593 bat
957 1565 1060 1604 plenas,
1077 1575 1181 1594 merum
1194 1564 1271 1603 large
1281 1563 1611 1601 diffundendum7nitidos

75 1611 120 1640 καὶ
135 1610 227 1650 χοροὺς
241 1610 354 1650 ᾀδόντων
362 1633 370 1646 ,
382 1611 578 1650 οἰνοχοούντων,
589 1612 842 1650 γελωτοποιούντων·

75 1657 119 1685 καὶ
132 1661 183 1686 πᾶν
198 1652 264 1689 εἶδος
276 1658 385 1686 ἐπινοῶν
397 1656 522 1692 ἀσωτίας,
539 1657 584 1686 καὶ
597 1657 699 1696 μεθύων
714 1659 759 1687 καὶ
769 1671 843 1699 κραι-

75 1704 176 1740 παλῶν,
196 1702 241 1732 καὶ
263 1703 342 1740 στολῇ
359 1703 403 1731 καὶ
422 1703 538 1742 τραπέζῃ
549 1726 556 1738 ,
572 1703 617 1732 καὶ
630 1704 727 1743 ἑτέροις
738 1705 840 1735 πλείοσι

73 1750 175 1787 τρυφῶν
186 1748 290 1777 ἅπαντα
303 1749 412 1777 διετέλει
425 1749 469 1777 τὸν
481 1749 584 1788 χρόνον.
606 1751 707 1779 Τοῦτον
725 1750 752 1779 δὲ
769 1752 840 1791 λιμῷ

73 1796 184 1834 χαλεπῷ
213 1794 258 1823 καὶ
281 1794 416 1833 ἀρρωστία
443 1795 590 1834 πικροτάτῃ
602 1818 609 1831 ,
634 1796 679 1824 καὶ
701 1797 840 1837 πολιορκία

73 1839 203 1868 τοσούτων
219 1841 311 1874 ἑλκῶν,
326 1839 371 1868 καὶ
384 1840 491 1879 ἐρημίᾳ,
506 1840 550 1868 καὶ
565 1845 619 1874 τοῖς
634 1843 665 1870 ἐκ
677 1841 774 1870 τούτων
787 1855 837 1871 κα-

73 1889 128 1917 κοῖς
143 1887 210 1924 ὁρῶν
221 1886 279 1914 καθ’
299 1885 413 1920 ἑκάστην
430 1886 646 1924 κατατεινόμενον
664 1887 712 1923 τὴν
726 1888 838 1928 ἡμέραν,

73 1931 131 1960 οὐδὲ
152 1933 188 1964 εἷς
199 1934 259 1960 νοῦν
278 1943 341 1960 ποτε
356 1932 496 1960 ἕὸάλλετο·
513 1934 570 1961 ἀλλ’
585 1936 609 1962 οἱ
624 1933 671 1970 μὲν
685 1934 836 1973 παράσιτοι,

72 1977 117 2005 καὶ
141 1978 164 2005 οἳ
187 1977 296 2009 κόλακες
319 1977 363 2005 καὶ
383 1977 449 2016 ὑπὲρ
464 1977 511 2013 τὴν
525 1979 617 2017 χρείαν
639 1980 836 2019 διερρήγνυντο·

72 2023 85 2050 ὃ
107 2021 133 2051 δὲ
152 2022 244 2058 πένης,
263 2021 308 2050 καὶ
327 2021 394 2050 οὕτω
413 2022 506 2058 πένης,
521 2023 566 2052 καὶ
588 2026 614 2052 ἐν
630 2025 761 2058 τοσούτοις
777 2025 835 2053 κεί-

73 2080 149 2105 μενος
162 2072 215 2100 τοῖς
227 2071 326 2103 κακοῖς,
346 2067 403 2096 οὐδὲ
414 2068 510 2107 ψιχίων
523 2070 551 2097 ἐκ
562 2071 607 2104 effi<
620 2069 751 2109 τραπέζης
764 2071 834 2105 ἀπή-

71 2114 149 2142 λαυεν
174 2113 291 2149 ἐκείνης,
325 2113 369 2141 καὶ
389 2116 472 2142 ταῦτα
492 2114 591 2153 σφόδρα
615 2117 765 2152 ἐπιθυμῶν·
792 2116 836 2144 καὶ

70 2159 141 2197 ὅμως
162 2159 235 2188 οὐδὲν
251 2158 327 2187 αὐτὸν
342 2158 440 2187 τούτων
453 2159 630 2199 παρέὸλαψεν,
644 2164 654 2176 ‘²
664 2161 692 2188 οὐ
708 2163 780 2200 ῥ’ῆμα
792 2174 836 2190 πι-

69 2206 131 2244 κρὸν
152 2204 282 2240 ἐξέὸαλεν,
297 2206 325 2233 οὗ
341 2203 496 2243 βλάσφημον
513 2205 653 2244 ἐφθέγξατο
671 2206 760 2245 λόγον·
777 2207 836 2235 ἀλλ’

68 2251 159 2291 ὥσπερ
188 2250 295 2290 χρυσίον
328 2252 360 2288 τῇ
387 2250 546 2290 σφοδροτέρᾳ
574 2251 690 2290 πυρώσει
713 2252 836 2290 μειζόνως

69 2296 256 2336 καθαιρόμενον
271 2295 469 2335 λαμπρύνεται,
487 2296 555 2325 οὕτω
570 2296 601 2332 δὴ
616 2298 660 2326 καὶ
676 2299 771 2331 ἐκεῖνος
786 2298 836 2327 ὑπὸ

69 2346 120 2372 τῶν
134 2344 298 2381 παθημάτων
314 2342 412 2372 τούτων
433 2343 630 2382 ἐνοχλούμενος,
643 2343 748 2372 πάντων
763 2345 834 2383 ὑψη-

69 2389 173 2428 λότερος
187 2385 218 2425 ἦν
238 2389 283 2417 καὶ
303 2391 355 2417 τῶν
373 2391 463 2417 παθῶν
473 2410 480 2423 ,
494 2389 539 2417 καὶ
552 2391 636 2418 αὐτῶν
653 2391 704 2418 τῶν
719 2392 835 2419 ἐντεῦθεν

69 2436 174 2468 πολλοῖς
193 2434 354 2473 τικτομένων
372 2434 499 2473 θορύὸων.
514 2435 548 2463 Εἰ
561 2434 612 2474 γὰρ
625 2435 715 2467 ἁπλῶς
726 2435 836 2471 πένητες

105 2534 114 2544 ³
132 2526 201 2550 Unus
213 2527 272 2559 Reg.
287 2530 380 2560 θέατρον
390 2529 490 2559 χαλεπῆς
503 2530 596 2562 θεωριάς
608 2532 645 2559 ὠν,
657 2527 707 2552 duo
720 2528 761 2553 alii
774 2533 825 2555 0:³⁵<-

72 2576 124 2599 τρῡν
135 2568 172 2591 καὶ
184 2568 241 2594 Maec
255 2569 346 2597 Θεωρίας
358 2569 394 2590 ὧν.

897 1621 1043 1648 coquorum
1059 1610 1202 1648 exercitus,
1214 1610 1344 1649 parasitos
1354 1616 1379 1638 et
1388 1609 1541 1639 adulatores
1555 1610 1611 1649 pri-

897 1666 940 1684 ma
955 1656 1024 1693 luce,
1037 1663 1063 1685 et
1087 1657 1182 1685 choros
1199 1655 1362 1693 canentium,
1381 1655 1445 1684 vina
1461 1656 1608 1685 infunden-

896 1701 973 1739 tium,
988 1702 1057 1730 risus
1075 1702 1242 1731 moventium
1255 1713 1260 1728 ι
1280 1712 1358 1730 omne
1369 1711 1452 1740 genus
1465 1701 1610 1731 helluatio—

895 1747 938 1776 nis
951 1748 1130 1786 excogitabat,
1145 1747 1337 1785 inebriabatur,
1348 1747 1574 1787 ingurgitabatur,
1583 1749 1609 1777 in

893 1793 962 1822 luxu
972 1794 1095 1830 vestium,
1103 1804 1199 1822 mens-‘e
1209 1793 1378 1832 aliarumque
1388 1794 1508 1833 plurium
1520 1805 1609 1823 rerum

893 1847 1022 1879 perpetuo
1038 1840 1155 1869 vivebat.
1170 1841 1255 1868 Istum
1268 1850 1338 1876 vero,
1352 1850 1431 1877 quem
1443 1841 1518 1878 gravi
1530 1841 1607 1877 fame,

893 1885 987 1913 morbo
1003 1885 1185 1921 acerbissimo,
1203 1884 1341 1913 obsidione
1362 1891 1400 1912 tot
1421 1885 1550 1920 ulcerum,
1563 1896 1607 1915 so-

891 1930 1017 1967 litudine,
1031 1937 1056 1959 et
1076 1931 1153 1959 malis
1176 1929 1238 1958 inde
1259 1930 1479 1967 consequentibus
1500 1931 1526 1959 in
1548 1931 1605 1960 dies

891 1976 1012 2013 singulos
1030 1975 1115 2014 premi
1131 1974 1249 2009 videbat,
1265 1985 1297 2002 ne
1313 1974 1339 2002 in
1356 1975 1476 2003 animum
1495 1976 1605 2014 quidem

891 2020 1034 2058 aliquando
1048 2019 1174 2048 admisit:
1190 2019 1300 2058 parasiti
1311 2027 1336 2048 et
1347 2020 1499 2050 adulatores
1514 2023 1603 2052 nimiis

891 2066 976 2105 epulis
995 2076 1060 2105 pene
1077 2065 1327 2104 disrumpebantur3
1342 2073 1369 2094 at
1387 2067 1436 2095 iste
1449 2079 1561 2107 pauper,
1578 2077 1603 2098 et

890 2111 955 2140 adeo
966 2121 1079 2150 pauper,
1089 2117 1128 2139 tot
1144 2110 1222 2139 malis
1236 2111 1347 2148 cinctus,
1363 2122 1410 2140 nec
1418 2113 1501 2142 micas
1511 2125 1544 2143 ex
1556 2115 1602 2144 illa

891 2167 979 2185 mensa
990 2156 1115 2193 obtinuit,
1125 2156 1172 2184 etsi
1180 2156 1258 2185 valde
1270 2156 1400 2195 cupidus:
1413 2168 1497 2196 neque
1505 2159 1602 2189 horum

890 2202 1030 2242 quidpiam
1042 2213 1102 2230 eum
1114 2202 1194 2236 laesit,
1208 2212 1259 2230 non
1274 2202 1386 2231 verbum
1400 2205 1512 2243 protulit
1526 2217 1601 2245 aspe-

889 2258 1017 2284 ru1n‚non
1025 2259 1117 2282 vocem
1125 2247 1397 2287 edidithlasphemam
1404 2261 1410 2276 :
1418 2250 1463 2278 sed
1472 2258 1602 2280 utaurum

888 2293 1085 2322 vehementiore
1100 2292 1224 2321 incendio
1248 2293 1333 2331 magis
1353 2302 1498 2333 purgatum
1513 2297 1601 2336 splen-

888 2338 980 2374 descit,
992 2339 1030 2368 sic
1042 2339 1121 2367 etiam
1137 2339 1183 2366 ille
1203 2339 1394 2368 afflictionibus
1410 2340 1468 2369 istis
1479 2349 1600 2378 vexatuS,

887 2385 1013 2414 omnibus
1031 2385 1082 2414 fuit
1105 2385 1227 2424 superior
1248 2391 1303 2413 tam
1322 2385 1420 2425 plagis,
1437 2397 1527 2425 quam,
1543 2399 1601 2426 quse

889 2435 980 2464 multis
1007 2442 1154 2464 nascuntur
1185 2434 1266 2472 inde,
1293 2437 1549 2474 perturbationibus.
1572 2437 1601 2466 Si

883 2536 891 2547 ¹
910 2529 964 2553 Duo
976 2529 1033 2553 Mss.
1047 2532 1071 2554 c>
1081 2532 1146 2562 ῥῆμά
1158 2540 1178 2554 τι
1192 2531 1215 2553 οὗ
1226 2532 1305 2562 μικρὸν
1319 2530 1342 2553 o)
1354 2531 1413 2560 μέγα
1428 2532 1483 2558 ἐξεὸ.

1627 426 1679 447 Lm·⁴
1690 426 1765 448 ¹6.20.

1661 472 1768 501 Exemplo

1627 504 1700 524 Lauri
1722 512 1766 524 rein

1627 535 1730 555 nttmtrat.
