1843 2810
241 169 309 216 570

241 243 315 272 domi
334 243 473 272 resideant.
492 243 549 272 Hoc
568 254 620 272 una
639 253 701 272 cum
721 242 804 271 stellis
821 241 902 269 etiam
921 250 954 267 ex

242 289 311 317 lunae
339 289 461 318 cursibus
491 295 584 317 notum
616 288 760 326 diligenter
788 286 953 315 observatur.

242 335 312 364 Nam
330 334 556 372 quemadmodum
575 334 613 362 sol
633 333 754 367 diurnas,
776 332 811 359 ita
828 331 891 359 luna
908 339 955 358 110-

242 387 349 410 etin-nas
368 381 445 409 horas
462 380 565 419 dirigit,
580 380 697 417 aliasque
714 377 811 405 multas
828 376 956 404 utilitates

242 426 323 466 parit,
341 433 365 454 et
380 433 482 465 gratam
497 425 564 453 aeris
578 424 742 463 temperiem,
758 429 783 450 ct
797 422 865 450 roris
878 431 955 459 gene-

241 471 381 507 rationem,
395 478 424 499 ut
435 471 543 509 irrigata
555 470 653 498 semina
667 468 823 507 germinent,
832 478 861 496 ac
871 467 955 495 multa

241 527 275 545 ex
290 527 317 545 se
329 517 466 545 commoda
481 516 514 544 ad
526 514 752 544 corroborandum
767 523 849 551 genus
861 513 955 540 huma-

242 572 307 590 num
322 562 484 601 suppeditat,
496 561 613 598 dumque
631 559 718 588 media
736 559 803 587 inter
817 558 954 587 stellarum

243 607 366 645 chorum,
389 614 413 636 et
437 607 501 635 solis
525 605 695 645 splendorem
716 604 853 643 interjacet
876 615 882 632 z
904 603 955 630 hoc

242 653 350 691 quidem
360 654 454 689 minor,
466 652 520 681 illis
531 662 594 680 vero
604 650 774 690 praestantior
785 657 833 682 est,
843 660 873 678 ac
884 649 953 677 mul-

242 705 268 727 to
284 700 376 738 major.
392 700 484 736 Neque
493 708 556 726 vero
571 696 712 725 mediocris
728 696 846 724 nascitur
859 706 892 723 cx
908 695 953 723 illa

241 745 368 773 varietate
386 743 578 783 spectatoribus
600 742 724 781 voluptas
743 748 768 770 et
790 741 902 777 utilitas,
926 747 955 769 ut

240 799 324 827 neque
342 789 461 828 vulgaris
482 787 655 817 commoditas
678 799 711 816 ex
734 787 907 826 temporibus,
928 793 953 814 et

241 843 355 872 quatuor
369 835 429 863 anni
445 834 655 874 tempestatibus,
670 844 714 862 seu
729 843 891 869 mensuram,
907 842 953 860 seu

241 880 455 919 magnitudinem
470 891 500 908 ac
510 879 679 915 brevitatem,
691 879 748 907 sive
764 877 896 906 infinitam
907 877 952 906 (li-

240 926 392 954 versitatem
416 925 567 955 consideres
588 938 594 954 ε
617 924 699 952 aliam
716 923 787 952 enim
811 924 951 960 minorem,

239 972 319 1001 aliam
331 972 458 1010 majorem
478 982 508 999 ac
526 969 734 1010 splendidiorem
749 975 867 1008 spectare
882 968 954 1004 licet,

240 1024 265 1046 et
280 1017 409 1056 quasdam
423 1028 456 1045 ex
472 1017 525 1044 illis
539 1015 653 1044 diversis
664 1014 828 1054 temporibus
843 1025 954 1053 appare-

239 1074 276 1092 re.
289 1065 400 1093 Summa
416 1063 543 1091 nimirum
556 1073 587 1090 ac
600 1061 770 1089 solertissima
784 1060 834 1087 Dei
850 1060 954 1098 sapien-

242 1109 278 1137 tia
303 1109 415 1137 multam
434 1108 534 1146 ubique
552 1107 707 1135 varietatem
727 1105 818 1141 eflicit,
843 1116 903 1133 cum
925 1112 954 1133 ut

239 1154 365 1193 potentia¹
385 1164 437 1181 sua:
455 1152 645 1181 miraculorum
662 1151 803 1179 el'scctricis
821 1150 953 1189 specimen

239 1199 312 1234 edat,
330 1207 386 1227 tum
399 1206 427 1227 ut
443 1209 529 1226 rerum
546 1208 605 1236 quau
621 1203 763 1225 cernuntur
774 1196 866 1231 oculis,
880 1206 953 1224 com-

240 1245 363 1274 moditati
387 1245 537 1284 provideat,
561 1254 591 1271 ac
614 1243 726 1271 multam
745 1242 954 1279 immensamque

240 1291 358 1330 praebeat
376 1290 527 1325 utilitatem,
548 1296 573 1317 et
593 1299 653 1317 cum
673 1288 715 1316 liis
732 1287 856 1315 omuibus
874 1287 953 1315 ctiam

240 1337 414 1375 voluptatem.
440 1335 515 1371 Quid
536 1335 607 1363 enim
627 1334 691 1362 caelo
705 1333 860 1373 jucundius,
881 1333 953 1371 quod

240 1393 311 1410 nunc
331 1389 458 1420 tanquam
480 1381 592 1409 linteum
613 1379 749 1417 quoddam
771 1378 902 1407 mundum
923 1390 953 1407 ac

239 1427 405 1467 pellucidum
419 1437 499 1466 super
513 1433 592 1465 caput
607 1432 726 1453 nostrum
743 1435 890 1463 expansum
905 1431 952 1460 est,

240 1484 311 1502 nunc
328 1480 454 1511 tanquam
470 1472 581 1500 floribus
599 1471 724 1499 refertum
742 1480 772 1498 ac
787 1470 952 1507 variegatum

240 1518 361 1547 cernitur
379 1524 497 1557 pratum,
519 1526 647 1554 suamque
670 1526 794 1543 coronam
816 1515 953 1543 ostentat?

240 1565 330 1603 Neque
345 1564 415 1593 enim
428 1561 659 1601 aequejucundum
670 1568 707 1589 est
719 1560 833 1589 interdiu
846 1567 953 1599 pratum

240 1620 355 1645 cernere,
365 1620 396 1637 ac
408 1608 558 1648 jucundum
572 1614 610 1635 est
622 1614 647 1635 et
661 1618 743 1635 suave
754 1606 850 1634 caelum
860 1605 893 1634 de
903 1617 951 1634 no-

241 1662 281 1683 cte
293 1662 419 1694 spectare,
434 1653 580 1682 innumeris
595 1652 732 1681 stellarum
748 1651 860 1679 floribus
876 1651 954 1680 undi-

240 1711 291 1739 que
308 1706 473 1736 coronatum,
495 1698 606 1727 floribus
625 1697 670 1735 qui
692 1707 837 1734 numquam
855 1707 954 1725 marce-

241 1752 329 1780 scunt,
341 1745 386 1774 sed
400 1745 510 1773 illaesam
524 1754 599 1772 suam
613 1742 842 1782 pulchritudinem
852 1753 954 1781 semper

241 1797 382 1819 ostentant.
399 1789 473 1825 Quid
488 1789 534 1817 illo
551 1799 642 1817 rursus
657 1786 812 1826 jucundius,
830 1797 889 1815 cum
907 1798 953 1815 no-

241 1842 282 1864 cte
291 1836 347 1875 jam
360 1835 447 1874 pulsa,
458 1834 573 1863 necdum
585 1841 671 1862 tamen
684 1832 784 1861 oriente
793 1831 858 1870 sole,
871 1832 954 1861 veluti

242 1892 333 1910 crocco
345 1880 461 1918 quodam
473 1880 552 1918 peplo
562 1889 663 1907 aurorae
678 1877 834 1916 primordiis
848 1888 953 1917 purpu-

242 1933 329 1955 ratum
352 1933 461 1955 ornatur
474 1926 487 1953 Ξ)
519 1924 652 1953 Ἰιιοάιιοη]
674 1934 753 1962 porro
774 1924 954 1962 spectaculum

242 1973 384 2011 pulchrius
397 1972 498 2001 oriente
513 1971 564 2000 sub
574 1981 696 1999 auroram
712 1970 779 2004 sole,
797 1980 858 1998 cum
873 1980 955 2009 parvo

243 2019 370 2057 temporis
386 2025 518 2047 momento
535 2025 634 2046 terram
653 2023 746 2052 totam,
768 2022 853 2044 totum
872 2027 953 2051 mare,

244 2070 346 2092 montes
358 2075 457 2099 omnes,
465 2064 556 2097 saltus,
565 2069 590 2091 et
600 2062 688 2098 colles,
695 2061 790 2090 caelum
800 2061 956 2090 universum

244 2109 382 2137 radiorum
394 2109 576 2148 sparsionibus
592 2108 720 2143 illustrat,
734 2114 759 2135 et
769 2114 849 2136 exuto
866 2118 957 2136 excus-

245 2164 326 2192 soque
336 2165 349 2182 a
360 2155 449 2191 rebus,
464 2165 530 2192 quas
543 2154 627 2183 oculis
636 2153 782 2189 cernimus,
798 2153 897 2182 amictu
909 2164 956 2182 no-

243 2199 305 2234 ctis,
322 2200 398 2227 nobis
415 2206 475 2227 ante
494 2199 584 2227 oculos
604 2199 693 2228 omnia
714 2199 787 2228 neda
808 2199 956 2238 proponit?

245 2244 312 2280 Quis
325 2245 388 2272 satis
404 2245 516 2273 miretur
527 2255 620 2273 cursus
637 2245 693 2283 ejus
709 2252 810 2274 rectum
822 2245 955 2281 ordinem,

246 2290 314 2318 inter
329 2297 368 2318 tot
381 2300 512 2318 annorum
528 2289 654 2318 circuitus
671 2290 839 2318 immutabile
852 2301 882 2319 ac
896 2301 958 2319 nus-

246 2346 326 2373 quam
343 2335 519 2374 interruptum
535 2335 724 2370 ministerium,
746 2346 848 2375 semper
862 2337 958 2371 floren-

247 2387 298 2409 tem
310 2381 366 2420 ejus
376 2379 614 2420 pulchritudinem,
624 2380 804 2418 splendorem,
816 2382 957 2419 fulgorem,

247 2427 399 2465 puritatem,
412 2437 482 2464 quae,
495 2425 556 2454 licet
565 2436 624 2453 cum
635 2432 673 2453 tot
684 2426 839 2464 corporibus
850 2427 958 2455 miscea-

246 2479 299 2509 tur,
312 2483 444 2510 nusquam
456 2478 542 2499 tamen
555 2471 730 2509 inquinatur?
744 2471 791 2499 His
804 2471 872 2500 adde
884 2472 957 2500 utili-

245 2524 326 2546 tatem
338 2518 493 2547 immensam
504 2517 530 2545 in
541 2516 696 2553 seminibus,
711 2516 736 2544 in
750 2516 858 2555 plantis,
870 2517 896 2545 in
909 2517 955 2546 ho-

246 2563 348 2592 minum
377 2562 544 2601 corporibus,
579 2560 792 2600 quadrupedum,
825 2561 952 2601 piscium,

553 181 581 203 S.
610 180 748 205 104&le
775 177 956 202 CHRYSOST-
986 176 1140 202 ARCHtEP.
1169 178 1436 203 CONSTANTINOP.

1009 251 1054 268 σου
1073 239 1172 277 γένεσιν
1192 241 1256 280 πρὸς
1276 241 1323 277 τὴν
1338 243 1389 269 τῶν
1410 239 1569 279 σπερμάτων
1586 240 1716 279 βλάστην,
1730 242 1774 270 καὶ

1009 284 1108 319 πολλὴν
1121 285 1220 314 οἴκοθεν
1235 288 1269 319 εἰς
1281 286 1328 321 τὴν
1342 286 1466 315 σύστασιν
1478 287 1528 314 τῶν
1544 285 1686 324 ἀνθρώπων
1697 298 1775 324 παρε-

1009 330 1108 368 χομένη
1124 330 1171 364 τὴν
1188 331 1323 369 ὠφέλειαν,
1338 331 1382 359 καὶ
1397 331 1464 368 μέση
1480 333 1526 359 τοῦ
1539 333 1618 368 χοροῦ
1633 333 1684 363 τῶν
1699 331 1775 358 ἄστε’-

1012 388 1060 415 ρων
1077 377 1121 404 καὶ
1136 379 1182 411 τῆς
1197 378 1309 412 ἡλιακῆς
1324 377 1450 416 ἱσταμένη
1466 377 1633 415 λαμπηδόνος
1646 388 1652 393 ·
1667 379 1711 405 τοῦ
1728 375 1775 414 μὲν

1009 421 1060 461 γάρ
1076 423 1146 450 ἐστιν
1165 422 1289 457 ἐλάττων,
1305 425 1356 451 τῶν
1374 422 1400 451 δὲ
1423 423 1534 461 ἀμείνων
1549 422 1593 450 καὶ
1610 422 1700 460 πολλῷ
1715 421 1775 459 μεί-

1009 468 1069 500 ζων.
1082 468 1122 496 Οὐ
1138 467 1219 506 μικρὰ
1235 467 1261 496 δὲ
1275 467 1319 496 καὶ
1334 470 1362 496 ἐκ
1378 471 1423 503 τῆς
1439 468 1571 499 ποικιλίας
1586 466 1681 500 ταύτης
1695 467 1775 501 ἡδονὴ

1008 516 1061 545 τοῖς
1074 515 1177 545 θεαταῖς
1193 513 1236 541 καὶ
1251 513 1337 552 χρεία,
1352 513 1440 552 ὥσπερ
1455 514 1512 542 οὐδὲ
1527 516 1642 552 τυχοῦσα
1656 515 1672 546 ἡ
1688 513 1776 547 ὄνησις

1008 561 1024 593 ἡ
1040 559 1092 587 ἀπὸ
1106 561 1158 587 τῶν
1172 561 1281 598 καιρῶν,
1294 562 1310 594 ἡ
1332 559 1384 587 ἀπὸ
1401 562 1451 587 τῶν
1467 561 1552 598 ὡρῶν,
1568 561 1584 593 ἡ
1605 559 1656 587 ἀπὸ
1669 561 1713 586 τοῧ
1730 558 1776 595 με’-

1009 616 1085 643 τρου,
1105 607 1121 640 ἡ
1144 605 1195 633 ἀπὸ
1218 608 1262 633 τοῦ
1287 605 1409 643 μεγέθους
1430 604 1474 633 καὶ
1499 606 1544 638 τῆς
1571 603 1743 643 βραχύτητος,
1757 606 1774 638 ἡ

1009 650 1061 679 ἀπο
1074 653 1120 685 τῆς
1135 652 1259 690 διαφορᾶς
1278 652 1324 685 τ’ἧς
1339 650 1436 689 &odron
1453 662 1459 667 ·
1475 650 1518 678 τὸν
1536 649 1582 687 μὲν
1601 650 1651 689 γὰρ
1665 649 1775 684 ἐλάττω,

1008 696 1051 725 τὸν
1068 697 1093 726 δὲ
1114 697 1194 735 μείζω
1211 697 1255 725 καὶ
1274 696 1440 735 φαιδρότερον
1459 697 1527 724 ἐστιν
1550 696 1621 730 ἰδεῖν,
1644 695 1688 723 καὶ
1707 694 1776 723 κατὰ

1009 742 1143 781 διαφόρους
1165 742 1271 780 καιροὺς
1291 741 1460 780 φαινομένους
1475 743 1557 769 αὐτῶν
1578 752 1658 772 τινας.
1673 739 1706 768 ‘H
1725 739 1776 779 γὰρ

1008 789 1145 826 περιουσία
1167 790 1213 822 τῆς
1233 787 1379 826 εὐμηχάνου
1405 786 1495 825 σοφίας
1518 785 1617 820 πολλὴν
1641 789 1778 824 πανταχοῦ

1008 834 1055 868 τὴν
1071 834 1201 863 ποικιλίαν
1224 834 1369 873 ἐργάζεται,
1391 835 1455 871 ὁμοῦ
1478 832 1523 870 μὲν
1538 835 1585 866 τῆς
1600 831 1695 863 οἰκείας
1714 834 1776 859 θαυ-

1010 879 1169 918 ματουργίας
1183 879 1230 914 τὴν
1247 878 1376 911 ἀπόδειξιν
1392 877 1600 916 ἐπιδεικνυμένη,
1614 880 1678 914 ὁμοῦ
1693 876 1719 904 δὲ
1731 876 1776 904 καὶ

1007 927 1055 959 τῆς
1068 927 1119 953 τῶν
1134 924 1253 963 ὁρώντων
1274 928 1419 963 προνοοῦσαι
1436 924 1536 963 χρείας,
1553 923 1597 951 καὶ
1615 921 1715 956 πολλὴν
1730 921 1776 950 καὶ

1008 971 1106 1009 ἄφατον
1121 970 1167 1005 τὴν
1183 970 1310 1008 ὠφέλειαν
1331 970 1517 1008 παρεχομένη,
1538 969 1582 997 καὶ
1598 967 1664 1005 μετὰ
1678 967 1775 996 τούτων

1008 1016 1130 1044 ἁπάντων
1145 1015 1188 1043 καὶ
1203 1015 1250 1050 τὴν
1266 1015 1370 1049 ἡδονήν.
1384 1015 1420 1043 Τί
1436 1014 1485 1052 γὰρ
1505 1013 1673 1052 τερπνότερον
1699 1013 1775 1051 οὐρα-

1008 1064 1060 1096 νοῦ,
1075 1063 1118 1089 ν’ὔν
1141 1060 1188 1099 μὲν
1202 1062 1236 1092 ὡς
1257 1060 1370 1092 σινδόνος
1385 1063 1500 1098 καθαρᾶς
1511 1060 1555 1088 καὶ
1571 1061 1690 1096 διαυγοῦς
1709 1058 1776 1098 ὑπὲρ

1008 1109 1122 1146 κειραλῆς
1139 1106 1306 1144 ἢπλωμένου,
1320 1109 1363 1134 νῦν
1380 1106 1406 1135 δὲ
1420 1107 1454 1138 ὡς
1471 1107 1597 1143 λειμῶνος
1618 1106 1775 1137 πολυανθοῦς

1007 1152 1282 1191 ποικιλλομένου,καὶ
1305 1151 1348 1180 τὸν
1370 1153 1447 1180 αὐτοῦ
1476 1151 1609 1190 φαίνοντας
1634 1150 1775 1189 στέφανον;

1009 1199 1077 1227 Οὐδὲ
1091 1199 1141 1237 γὰρ
1154 1198 1234 1230 οὕτως
1251 1197 1300 1232 ἡδὺ
1315 1198 1431 1235 λειμῶνα
1451 1197 1512 1225 ἰδεῖν
1525 1198 1550 1224 ἐν
1562 1196 1659 1235 ἡμέρα,
1674 1197 1708 1228 ὡς
1727 1195 1776 1230 ἡδὺ

1008 1245 1052 1273 καὶ
1067 1244 1176 1283 τερπνὸν
1190 1243 1297 1282 οὐρανὸν
1311 1244 1372 1271 ἰδεῖν
1384 1244 1410 1270 ἐν
1422 1243 1496 1271 νυκτὶ
1508 1242 1609 1281 μυρίοις
1621 1241 1708 1270 ἄνθεσι
1722 1245 1775 1274 τοῖς

1008 1292 1059 1318 τῶν
1075 1290 1191 1329 ἀστέρων
1203 1288 1368 1327 πανταχόθεν
1387 1287 1606 1325 κατεστεμμένον,
1618 1286 1719 1314 ἄνθεσιν
1734 1287 1776 1314 οὐ·

1008 1334 1099 1363 δέποτε
1121 1333 1334 1373 μαραινομένοις,
1348 1334 1405 1361 ἀλλ’
1425 1332 1564 1370 ἀκραιφνὲς
1581 1331 1621 1360 ἀεὶ
1636 1332 1665 1360 τὸ
1681 1332 1774 1359 οἰκεῖον

1008 1381 1103 1412 κάλλος
1123 1378 1351 1416 ἐπιδεικνυμένοις.
1370 1378 1405 1406 Τί
1428 1378 1453 1406 δὲ
1476 1379 1552 1406 αὐτοῦ
1566 1378 1699 1415 ἡδύτερον,
1711 1376 1774 1405 ὅταν

1007 1428 1054 1460 τῆς
1071 1425 1161 1457 νυκτὸς
1180 1423 1351 1459 ἀπελθούσης,
1363 1423 1406 1451 καὶ
1423 1423 1533 1461 μηδέπω
1545 1425 1591 1457 τ’ἧς
1607 1424 1708 1454 ἀκτῖνος
1723 1424 1775 1450 οἱνι-

1008 1470 1137 1510 σχούσης,
1158 1470 1276 1508 καθάπερ
1296 1471 1420 1508 κροκωτῷ
1439 1481 1489 1497 τινι
1504 1468 1597 1507 πέπλῳ
1613 1472 1665 1500 τοῖς
1683 1479 1775 1507 προοι-

1009 1517 1075 1554 μίοις
1090 1518 1136 1550 τῆς
1154 1516 1280 1549 ἁνατολῆς
1299 1519 1343 1544 τοῦ
1364 1514 1438 1550 ἡλίου
1459 1514 1653 1554 φοινισσόμενος
1671 1514 1775 1542 κολλω-

1008 1563 1131 1597 πίζηται;
1150 1561 1175 1590 τί
1199 1562 1225 1589 δὲ
1249 1560 1322 1595 ἡλίου
1339 1560 1432 1598 γένοιτ’
1455 1560 1484 1588 ἂν
1509 1559 1665 1598 ὡραιότερον
1690 1559 1775 1597 θέαμα

1009 1608 1158 1646 ἀνίσχοντος
1173 1607 1222 1635 ὑπὸ
1242 1606 1289 1640 τὴν
1307 1607 1355 1641 ἕω,
1370 1606 1413 1634 καὶ
1430 1611 1512 1644 μικρᾷ
1527 1608 1618 1645 καιροῦ
1640 1606 1706 1644 ῥοπῇ
1721 1609 1776 1632 πᾶ-

1008 1666 1056 1683 σαν
1080 1653 1126 1692 μὲν
1148 1655 1208 1692 γῆν,
1230 1657 1317 1681 πᾶσαν
1337 1651 1364 1680 δὲ
1380 1651 1523 1686 θάλασσαν,
1539 1656 1590 1680 πᾶν
1611 1650 1638 1679 δὲ
1656 1651 1713 1690 ὅρος
1730 1650 1776 1678 καὶ

1007 1700 1091 1731 νάπας
1106 1699 1149 1727 καὶ
1164 1698 1278 1736 βουνοὺς,
1292 1697 1378 1726 πάντα
1400 1697 1425 1726 δὲ
1441 1697 1547 1736 οὐρανὸν
1561 1701 1617 1730 ταῖς
1631 1697 1682 1724 τῶν
1702 1695 1776 1724 ἀκτί-

1008 1757 1057 1773 νων
1073 1744 1290 1781 καταλάμποντος
1309 1743 1411 1780 βολαῖς,
1426 1742 1470 1770 καὶ
1485 1744 1532 1776 τῆς
1546 1742 1635 1774 νυκτὸς
1651 1741 1680 1770 τὸ
1702 1753 1776 1780 περι-

1009 1790 1113 1819 ὅόλαιον
1135 1787 1356 1826 ἀπαμφιεννύντος
1376 1790 1426 1815 τῶν
1447 1787 1600 1826 ὁρωμένων,
1623 1787 1667 1815 καὶ
1689 1786 1775 1825 γυμνὰ

1008 1835 1094 1865 πάντα
1109 1834 1160 1873 πρὸ
1178 1835 1229 1862 τῶν
1245 1834 1385 1872 ὀφθαλμῶν
1408 1833 1550 1864 δεικνύντος
1569 1835 1649 1870 ἡμῖν,
1662 1834 1724 1865 Πῶς
1744 1833 1775 1861 ἄν

1008 1893 1048 1914 τις
1061 1882 1138 1909 αὐτοῦ
1157 1878 1299 1916 ἐκπλαγείη
1313 1877 1371 1910 τοὺς
1386 1878 1507 1916 δρόμους,
1521 1878 1567 1912 τὴν
1583 1877 1710 1912 εὐταξίαν,
1727 1878 1774 1913 τὴν

1010 1929 1036 1956 ἐν
1052 1925 1188 1958 τοσαύταις
1201 1926 1264 1953 ἐτῶν
1280 1924 1407 1963 περιόδοις
1420 1923 1620 1961 ἀπαράλλακτον
1637 1923 1681 1951 καὶ
1693 1925 1775 1961 ἀνεμ-

1009 1973 1131 2002 πόδιστον
1154 1970 1302 2005 διακονίαν,
1326 1969 1357 1998 τὸ
1380 1969 1475 2001 κάλλος
1497 1970 1575 1997 αὐτοῦ
1599 1969 1628 1997 τὸ
1651 1969 1775 2003 διηνεκῶς

1012 2018 1128 2055 ἀκμάζον
1139 2039 1146 2052 ,
1159 2016 1206 2050 τὴν
1224 2015 1381 2053 λαμπηδόνα
1390 2036 1397 2050 ,
1412 2014 1458 2050 τὴν
1472 2014 1631 2054 φαιδρότητα
1640 2036 1648 2049 ,
1662 2014 1708 2049 τὴν
1723 2025 1774 2042 κα-

1012 2063 1152 2102 θαρότητα,
1167 2061 1214 2096 τὴν
1227 2060 1356 2092 τοσούτοις
1371 2061 1510 2097 ὁμιλοῦσαν
1524 2059 1645 2097 σώμασι,
1657 2059 1703 2088 καὶ
1725 2071 1775 2097 μη-

1011 2110 1094 2147 δαμοῦ
1109 2106 1299 2146 μολυνομένην,
1313 2106 1382 2145 Πρὸς
1394 2105 1421 2134 δὲ
1434 2107 1546 2139 τούτοις,
1558 2105 1605 2140 τὴν
1621 2105 1712 2144 χρείαν
1727 2105 1776 2140 τὴν

1012 2155 1121 2194 ἄφατον,
1138 2153 1186 2188 τὴν
1202 2155 1227 2181 ἐν
1242 2151 1392 2190 σπέρμασι,
1405 2150 1452 2186 τὴν
1467 2152 1492 2179 ἐν
1507 2154 1604 2190 φυτοῖς,
1620 2150 1664 2179 καὶ
1685 2151 1711 2178 ἐν
1725 2150 1776 2179 σώ-

1013 2211 1091 2238 μασιν
1107 2198 1261 2238 ἀνθρώπων,
1271 2197 1447 2235 τετραπόδων,
1459 2194 1565 2234 ἰχθύων,
1581 2195 1674 2234 ἀέρων,
1686 2195 1775 2230 λίθων,

1013 2246 1146 2283 βοτανῶν,
1160 2243 1206 2278 τὴν
1222 2245 1247 2272 ἐν
1268 2245 1316 2280 γῇ,
1339 2241 1386 2276 τὴν
1407 2243 1433 2270 ἐν
1454 2240 1570 2278 θαλάσσῃ
1580 2262 1589 2276 ,
1600 2239 1647 2274 τὴν
1662 2241 1687 2268 ἐν
1708 2239 1775 2279 ἀέρι,

1011 2290 1058 2325 τὴν
1081 2292 1106 2319 ἐν
1131 2295 1210 2318 πᾶσιν
1242 2289 1331 2319 ἅπλῶς
1353 2291 1407 2318 τοῖς
1433 2284 1584 2324 ὁρωμένοις,
1605 2285 1698 2313 Πάντα
1724 2285 1775 2323 γὰρ

1011 2339 1090 2366 αὐτοῦ
1114 2337 1196 2365 δεῖται
1217 2334 1260 2363 καὶ
1281 2332 1406 2362 ἀπολαύει
1427 2333 1473 2366 τῆς
1492 2331 1592 2369 χρείας,
1610 2330 1654 2358 καὶ
1675 2331 1776 2368 ἀμείνω

1010 2382 1110 2421 γίνεται
1127 2381 1223 2414 ταύτης
1238 2378 1391 2418 μετέχοντα,
1403 2377 1430 2406 οὐ
1448 2375 1559 2414 σώματα
1572 2375 1599 2404 δὲ
1614 2375 1702 2413 μόνον,
1717 2376 1775 2405 οὐδὲ

1010 2427 1094 2466 φυτὰ,
1109 2426 1176 2455 ἀλλὰ
1194 2425 1239 2454 καὶ
1259 2424 1356 2458 ὕδατα,
1372 2422 1417 2451 καὶ
1435 2421 1540 2459 λίμναι,
1561 2421 1604 2449 καὶ
1619 2421 1715 2459 πηγαὶ,
1730 2422 1775 2450 καὶ

1009 2472 1138 2510 ποταμοὶ,
1153 2470 1197 2500 καὶ
1219 2469 1284 2504 αὐτὴ
1306 2471 1350 2497 τοῦ
1367 2467 1441 2506 ἀέρος
1459 2469 1475 2501 ἡ
1498 2466 1572 2505 φύσις
1595 2466 1773 2504 λεπτυνομένη

1008 2517 1053 2546 καὶ
1074 2515 1251 2555 καθαιρομένη
1273 2514 1317 2542 καὶ
1334 2511 1492 2551 διειδεστέρα
1508 2511 1641 2550 γινομένη.
1666 2510 1717 2540 Διὰ
1742 2511 1772 2545 δὴ

1008 2565 1083 2591 τοῦτο
1097 2562 1140 2590 καὶ
1156 2564 1169 2590 ὃ
1181 2559 1322 2600 ψαλμῳδὸς
1336 2559 1366 2587 τὸ
1378 2558 1472 2589 κάλλος
1489 2558 1567 2586 αὐτοῦ
1583 2557 1774 2596 παραδηλῶσαι
