1843 2810
107 1777 208 1798 Ambisso

65 1816 123 1829 anuo
137 1807 190 1837 [006.

214 138 280 184 700
530 148 557 170 s.
586 147 725 170 Jomms

210 217 299 239 autem
313 209 391 239 nobis
404 209 462 238 haee
474 209 548 238 sedes
564 209 659 248 quovis
674 219 776 238 carcere
798 209 922 237 deterior.

214 258 314 285 Praeter
325 256 354 284 id
364 255 435 284 enim
449 255 521 294 quod
531 256 651 294 singulos
662 256 688 283 in
699 255 755 284 dies
766 278 774 291 ,
790 261 820 283 ut
831 255 866 282 ita
877 254 922 282 di-

211 312 281 339 cam,
293 313 342 342 pro
354 302 457 330 foribus
471 302 567 330 nostris
582 312 653 329 mors
665 307 715 338 est,
728 300 827 329 Isauris
835 300 923 328 omnia

211 348 399 377 invadentibus
412 370 418 384 ‚
438 355 516 386 atque
527 347 583 385 igni
596 353 620 375 et
634 347 704 374 ferro
720 352 778 374 tum
792 356 901 384 corpora
916 368 922 381 ,
943 354 948 360 ·

210 399 267 421 tum
289 392 403 421 aedificia
425 392 590 427 delentibus,
615 391 712 419 samem
729 390 825 426 etiam,
843 402 923 429 quam

209 438 261 466 loci
270 438 392 477 angustia
407 445 432 466 et
446 447 538 465 eorum
554 436 601 474 qui
616 435 670 464 huc
682 436 839 474 confugiunt
853 436 924 464 mul-

210 484 298 512 titudo
324 484 441 512 minatur
457 505 463 517 ,
490 481 709 521 pertimescimus.
740 482 778 510 Ac
798 488 923 520 praeterea

209 530 339 558 diuturno
352 529 445 557 morbo
454 550 461 564 ‚
475 539 556 566 quem
568 528 644 556 nobis
657 527 743 556 hiems
758 534 783 556 et
797 534 922 566 perpetua

209 575 273 613 suga
283 575 385 614 peperit
394 597 401 609 ‚
416 574 576 611 conflictati,
590 574 639 602 etsi
650 574 707 602 vim
722 573 806 612 ipsius
817 580 842 602 et
851 583 923 601 acer-

209 621 320 649 bitatem
333 630 403 648 nunc
419 619 573 658 effugimus,
588 619 729 648 nonnullas
740 625 827 647 tamen
835 619 925 647 adhuc

210 666 295 705 ipsius
308 665 435 703 reliquias
455 665 674 694 circumferimus.
695 664 749 694 Sed
763 675 924 703 quamquam

210 713 237 739 in
246 719 284 740 tot
293 711 371 739 malis
379 721 409 739 ac
418 711 498 739 tantis
506 711 634 739 molestiis
646 721 794 747 versamur,
800 721 925 749 magnam

210 765 298 785 tamen
306 768 338 785 ex
347 756 460 785 ferventi
469 763 554 785 vestra
563 763 588 785 et
597 756 698 785 sincera
708 763 787 794 atque
795 756 924 784 constanti

210 803 320 831 caritate
336 802 543 831 consolationem
557 801 688 841 capimus.
703 801 771 836 Quae
785 812 846 830 cum
857 801 924 829 scia-

210 849 253 882 tis,
264 859 307 885 ne,
319 858 419 886 quaeso,
428 847 462 875 de
469 854 555 876 vestra
568 847 680 875 sanitate
688 857 768 885 quam
782 846 925 886 saepissime

209 894 245 922 ad
258 904 305 922 nos
319 893 434 922 scribere
445 892 604 931 gravemini.
621 892 753 927 Quamvis
767 892 837 920 enim
853 898 925 920 tanto

212 950 226 968 a
238 939 315 968 vobis
329 939 415 978 spatio
427 938 591 967 divellantur
603 949 609 965 ε
624 937 773 966 arctissimo
782 944 868 965 tamen
885 947 926 965 ca-

213 985 298 1013 ritatis
311 985 421 1013 vinculo
436 983 576 1012 vobiscum
596 983 713 1012 devincti
734 993 835 1011 sumus.
860 982 925 1010 Tibi

211 1041 275 1059 vero
289 1031 423 1068 ingentem
438 1029 552 1068 gratiam
565 1029 694 1057 habemus
705 1052 712 1066 ‚
729 1028 802 1067 quod
823 1038 884 1056 cum
900 1027 927 1056 in

210 1082 249 1104 tot
259 1076 389 1113 tantisque
397 1074 645 1114 perturbationibus
655 1074 781 1111 verseris,
796 1083 847 1101 non
861 1084 926 1112 par-

210 1132 273 1149 vam
289 1127 376 1148 tamen
389 1119 558 1158 negotiorum
578 1119 721 1148 Phoeniciae
742 1129 835 1148 curam
847 1119 925 1157 geris.

211 1166 380 1205 Quapropter
388 1167 409 1194 si
417 1165 483 1203 quid
497 1165 559 1194 novi
570 1165 646 1193 illinc
656 1165 795 1202 afferatur,
805 1175 838 1193 ne
850 1164 927 1193 nobis

211 1212 239 1241 id
255 1212 408 1251 significare
423 1212 546 1251 pigrcris.
564 1211 622 1241 Vix
638 1211 710 1240 enim
730 1211 784 1239 ulla
801 1221 835 1239 ex
853 1217 927 1250 parte

210 1259 351 1297 quisquam
366 1257 400 1286 ad
414 1269 462 1286 nos
477 1268 624 1286 commeare
636 1257 734 1295 audet,
751 1257 823 1296 quod
837 1267 927 1286 omnes

211 1305 276 1341 viae,
284 1315 343 1342 quae
354 1304 408 1332 huc
418 1304 506 1332 ferunt
517 1326 524 1340 ,
542 1303 661 1342 undique
670 1303 766 1332 clausae
778 1303 840 1331 sint.
854 1305 927 1331 Atm-

212 1360 273 1378 men
283 1349 331 1377 etsi
343 1349 436 1377 crebro
447 1349 480 1377 ad
492 1349 633 1377 nosliteras
641 1348 744 1377 mittere
760 1348 872 1376 difficile
882 1348 927 1384 sit,

211 1395 314 1432 quoties
323 1394 422 1434 poteris
431 1417 439 1431 ‚
456 1394 505 1423 hoe
516 1394 596 1423 velim
607 1394 697 1429 facias,
714 1401 795 1432 alque
815 1400 840 1422 et
862 1393 927 1431 quid

211 1441 267 1468 illic
275 1450 363 1468 rerum
372 1447 487 1478 geratur,
497 1450 625 1479 exponas7
637 1446 662 1468 et
673 1439 707 1468 de
718 1446 806 1468 vestra
819 1439 927 1467 valetu—

211 1485 289 1522 dine,
302 1485 336 1513 de
351 1495 403 1523 qua
424 1485 596 1514 veliementer
612 1484 719 1513 solliciti
732 1495 840 1521 sumus,
866 1494 926 1512 cer-

214 1532 293 1560 tiores
305 1541 351 1560 nos
362 1530 451 1559 facias.

216 1636 309 1664 LXX.
338 1634 512 1673 Aplzthonio
527 1656 536 1668 ,
570 1634 716 1662 Theodoto
732 1656 740 1668 ‚
773 1635 900 1663 Cltoereoe
918 1657 925 1668 ,

374 1681 551 1718 presbyteris
559 1690 594 1708 ac
606 1680 768 1708 monachis.

257 1769 392 1807 Equidem
406 1769 462 1807 ipse
474 1778 579 1806 quoque
592 1778 640 1797 vos
655 1768 708 1796 huc
718 1769 809 1797 venire
823 1792 830 1803 ,
849 1780 880 1798 ac
891 1771 931 1799 vi·

217 1815 280 1843 (lere
290 1825 413 1854 cuperem
432 1826 437 1841 ι
456 1813 583 1851 quoniam
596 1820 685 1841 autem
697 1815 782 1842 multa
796 1822 858 1843 sunt
870 1826 930 1853 quae

217 1860 379 1900 impediant,
393 1860 444 1888 hoc.
459 1859 570 1897 quidem
585 1870 654 1887 nunc
665 1870 806 1898 exposcere
821 1860 931 1889 minime

216 1906 318 1935 audeo:
334 1905 403 1934 illud
421 1912 509 1933 autem
527 1915 541 1932 a
566 1904 643 1933 vobis
657 1912 735 1944 peto,
758 1912 787 1934 ut
807 1907 931 1943 quamvis

218 1952 311 1992 procul
324 1951 391 1988 sitis,
400 1961 509 1990 precum
520 1957 606 1978 tamen
620 1957 778 1987 vestrarum,
790 1962 848 1988 qum.
862 1951 930 1979 mul-

216 2005 273 2026 tum
287 1998 392 2032 valent,
410 1996 544 2025 auxilium
560 1995 637 2024 nobis
652 1996 780 2024 asseratis.
799 1998 869 2025 Nam
880 1997 931 2026 hoc

217 2043 370 2071 subsidium
387 2052 433 2070 nec
447 2048 577 2069 vetustate
590 2040 759 2077 debilitatur,
772 2052 818 2070 nec
830 2042 932 2071 itineris

217 2088 387 2127 longitudine
398 2087 548 2115 dirimitur:
559 2097 653 2115 verum
661 2087 862 2125 quocumquein
874 2088 932 2116 loco

218 2133 353 2172 quispiam
364 2132 463 2161 fiducia
474 2142 535 2170 erga
548 2133 635 2160 Deum
644 2154 651 2167 ,
662 2132 745 2161 instar
752 2133 833 2161 vestri
844 2155 850 2169 ‚
864 2144 932 2172 prae·
941 2164 977 2183 63„

218 2182 292 2210 ditus
308 2188 440 2215 versetur,
459 2182 491 2209 iis
508 2180 587 2209 etiam
600 2181 645 2218 qui
661 2181 756 2220 procul
770 2181 857 2210 dissiti
871 2189 931 2211 sunt
951 2178 977 2214 A*

219 2228 270 2256 hae
288 2227 388 2255 ratione
410 2236 571 2264 magnopere
591 2225 714 2264 prodesse
736 2234 828 2265 potest.
844 2227 932 2256 Simul

220 2280 309 2302 autem
320 2283 381 2300 cum
391 2271 514 2310 precibus
524 2270 614 2299 literas
625 2282 732 2309 quoque
746 2272 826 2301 velim
839 2272 872 2301 ad
887 2283 933 2301 nos

220 2319 290 2348 dctis
300 2341 307 2354 ‚
328 2328 387 2357 quae
401 2316 434 2345 dc
448 2322 536 2345 vestra
555 2316 709 2345 valetudine
724 2328 770 2345 nos
788 2329 857 2357 saepe
878 2329 934 2347 cer-

220 2365 299 2393 tiores
323 2364 429 2391 faciant.
453 2362 622 2399 Quamquam
643 2362 712 2389 enim
735 2363 813 2391 multi
838 2364 935 2392 fluctus

221 2410 408 2447 undecumque
422 2418 468 2436 nos
482 2406 593 2445 cingunt
605 2429 611 2439 ,
626 2407 754 2435 nimirum
765 2415 789 2436 et
804 2409 854 2437 loci
871 2410 934 2438 soli-

256 2491 267 2507 Ι*
285 2489 347 2512 Tres
358 2488 415 2512 Mss.
426 2489 485 2515 ὄντες
498 2488 582 2513 δεινοῖς.

256 2536 264 2546 ²
283 2527 385 2553 Coislin.
403 2530 461 2559 ἡμᾶς
478 2528 665 2557 ε’)αγγελζεσθκι.

752 146 918 169 CHRYSOST
925 161 931 168 .
963 146 1103 170 ARCIHEP
1111 163 1117 169 .
1147 148 1209 169 CON
1215 147 1410 170 STAN'HNOP.

982 208 1033 248 γὰρ
1053 212 1098 238 τοῦ
1121 210 1178 237 καθ’
1199 209 1325 245 ἑκάστην,
1340 211 1374 242 ὡς
1396 210 1476 238 εἰπεῖν
1483 231 1490 244 ,
1511 209 1558 245 τὴν
1578 209 1679 248 ἡμέραν
1703 211 1744 239 ἐπὶ

982 254 1070 293 θύραις
1083 256 1146 292 ἡμῖν
1161 250 1226 283 εἶναι
1239 255 1281 283 τὸν
1304 255 1429 290 θάνατον,
1451 258 1502 284 τῶν
1523 255 1647 294 Ἰσαύρων
1660 256 1745 284 πάντα

980 302 1116 338 ἐπιόντων,
1130 302 1174 330 καὶ
1188 302 1250 341 πυρὶ
1263 302 1307 330 καὶ
1325 302 1423 341 σιδήρῳ
1438 303 1483 330 καὶ
1500 301 1611 340 σώματα
1624 302 1668 330 καὶ
1679 303 1746 330 οἷκο-

981 348 1123 386 δομήματα
1144 347 1318 386 ἀφανιζόντων
1328 370 1335 383 ,
1348 348 1393 376 καὶ
1411 348 1487 385 λιμὸν
1505 344 1657 386 δεδοίκαμεν
1666 370 1673 382 ,
1689 347 1716 375 ὃν
1729 350 1745 381 ἠ

981 393 1141 432 στενοχωρία
1157 393 1202 421 καὶ
1214 393 1243 422 τὸ
1254 395 1351 428 πλῆθος
1363 396 1413 422 τῶν
1425 396 1534 423 ἐνταῦθα
1547 393 1747 432 συνδραμόντων

980 445 1063 470 ποιεῖν
1087 442 1198 470 ἀπειλεῖ.
1220 441 1272 470 Καὶ
1293 441 1439 481 ἃῤῥωστίαν
1458 442 1484 471 δὲ
1507 442 1610 481 μακρὰν
1632 441 1680 476 τὴν
1695 440 1747 469 ἀπὸ

980 489 1024 515 τοῦ
1042 488 1170 526 χειμῶνος
1193 486 1237 514 καὶ
1260 488 1306 520 τῆς
1328 490 1450 525 συνεχοῦς
1471 490 1552 526 φυγῆς
1575 486 1745 526 ἐγγενομένην

979 536 1043 570 ἡμῖν
1056 533 1248 569 ὑπομείναντες,
1259 535 1302 560 νῦν
1315 532 1344 560 τὸ
1359 532 1405 569 μὲν
1418 534 1533 571 χαλεπὸν
1555 535 1634 567 αὗτῆς
1655 533 1746 561 διαπε-

980 578 1112 617 φεύγαμεν
1122 600 1129 613 ,
1156 578 1232 616 ὀλίγα
1265 578 1291 606 δὲ
1318 579 1396 612 αὐτῆς
1426 578 1596 618 περιφέρομεν
1625 579 1745 617 λείψανα.

981 624 1049 652 Ἀλλ’
1062 623 1132 656 ὅμως
1147 623 1192 651 καὶ
1204 625 1229 651 ἐν
1250 622 1380 655 τοσούτοις
1391 621 1481 656 ι’ὄντες
1500 629 1588 656 κακοῖς
1607 624 1651 652 καὶ
1671 624 1747 657 τηλι-

981 669 1088 702 καύταις
1100 668 1283 709 περιστάσεσι,
1297 669 1422 707 μεγίστην
1436 669 1606 709 καρπούμεθα
1622 681 1747 709 παραμυ-

982 715 1038 743 θίαν
1054 717 1083 744 ἐκ
1096 717 1142 750 τῆς
1156 714 1284 754 ὑμετέρας
1298 715 1415 752 ἀγάπης,
1434 717 1480 748 τῆς
1499 717 1609 754 Οερμῆς,
1624 715 1669 743 καὶ
1684 727 1743 752 γνη-

982 760 1054 796 σίας,
1070 761 1115 789 καὶ
1131 760 1329 798 ἀπεριτρέπτου.
1349 762 1431 789 Ταῦτ’
1452 756 1494 789 οὖν
1511 760 1619 795 εἰδότες,
1634 761 1751 799 συνεχῶς

981 809 1061 844 ε’ἡμῖν
1077 806 1285 844 εὐαγγελίζεσθαι
1300 806 1361 844 περὶ
1375 809 1422 840 ι-’ἥς
1441 805 1539 844 ὑγιείας
1558 808 1604 841 τ’ἧς
1621 806 1749 845 ὑμετέρας

983 852 1019 888 μὴ
1044 855 1203 880 κατοκνεῖτε.
1226 852 1259 879 Εἰ
1279 850 1330 890 γὰρ
1353 851 1396 879 καὶ
1419 852 1448 879 ἐκ
1470 851 1592 880 τοσούτου
1612 851 1748 889 καθήμεθα

982 897 1176 935 διαστήματος,
1193 898 1250 925 ἀλλ’
1265 896 1335 934 ὅμως
1353 899 1385 935 τῇ
1400 898 1446 931 τῆς
1461 896 1563 935 ἀγάπης
1578 896 1667 926 ἁλύσει
1683 896 1750 934 μετὰ

982 942 1081 976 πολλῆς
1101 944 1160 979 ὑμῖν
1185 941 1357 978 συνδεόέμεθα
1381 943 1428 976 τῆς
1450 941 1593 981 ἀκριὸείας.
1615 942 1698 980 Χάριν
1723 941 1749 970 δὲ

983 987 1037 1026 ἔχω
1047 990 1092 1016 σου
1105 986 1247 1024 πολλὴντῆ
1262 987 1404 1024 τιμιότητι,
1419 986 1460 1015 ὅτι
1474 987 1518 1015 καὶ
1531 990 1582 1016 τῶν
1598 989 1623 1016 ἐν
1636 987 1748 1025 Φοινίκῃ

982 1033 1145 1072 πραγμάτιον
1155 1056 1161 1068 ,
1180 1033 1225 1061 καὶ
1241 1034 1267 1061 ἐν
1283 1033 1421 1065 τοσαύταις
1434 1033 1469 1061 ὢν
1489 1037 1631 1072 ταραχαῖς,
1651 1032 1749 1067 πολλὴν

982 1080 1045 1117 ποιῇ
1065 1078 1190 1113 σπουδήν.
1210 1077 1256 1106 Ἂν
1271 1074 1313 1106 οὖν
1326 1090 1351 1106 τι
1364 1078 1441 1107 πλέον
1459 1079 1554 1106 ἐκεῖθεν
1570 1077 1750 1116 ἐπαγγελθείη,

983 1125 1101 1159 δηλῶσαι
1115 1126 1180 1161 ἡμῖν
1195 1123 1231 1161 μὴ
1246 1123 1418 1162 κατοκνήσῃς.
1439 1123 1519 1160 “Ημῖν
1539 1123 1590 1162 γὰρ
1611 1123 1692 1156 οὐδεὶς
1708 1124 1751 1152 οὖ-

983 1170 1094 1208 δαμόθεν
1115 1169 1215 1208 ταχέως
1235 1169 1417 1208 ἐπιχωριάζειν
1444 1169 1582 1208 ἀνέχεται,
1606 1171 1658 1197 τῶν
1684 1170 1749 1197 ὁδῶν

983 1216 1163 1255 πανταχόθεν,
1178 1218 1230 1244 τῶν
1247 1216 1356 1244 ἐνταῦθα
1374 1217 1516 1254 φερουσῶν,
1531 1215 1750 1254 ἀποτετειχισμέ-

983 1272 1044 1288 νων.
1059 1261 1128 1289 Ἀλλ’
1141 1261 1212 1299 ὅμως
1225 1262 1246 1289 εἷ
1259 1261 1303 1289 καὶ
1316 1262 1425 1300 ἐργῶδες
1436 1261 1465 1289 τὸ
1476 1260 1588 1298 πέμπειν
1603 1260 1667 1300 πρὸς
1681 1263 1751 1298 ἡμᾶς

983 1308 1111 1345 συνεχῶς,
1124 1307 1202 1341 ἡνίκα
1217 1306 1247 1334 ἂν
1270 1306 1332 1344 ἐξῇ,
1351 1308 1426 1335 τοῦτο
1445 1305 1528 1341 ποίει,
1547 1306 1581 1335 τά
1603 1318 1632 1334 τε
1652 1307 1747 1334 ἐκεῖθεν

983 1352 1069 1380 πάντα
1084 1353 1185 1387 δηλῶν,
1198 1352 1243 1380 καὶ
1260 1353 1320 1390 περὶ
1335 1354 1382 1386 τῆς
1403 1352 1501 1390 ὑγιείας
1522 1353 1594 1389 ὑμῶν
1609 1351 1750 1390 γνωρίζων,

984 1397 1044 1436 περὶ
1058 1393 1089 1432 ἧς
1103 1398 1202 1436 σφόδρα
1213 1397 1435 1437 περισπούδαστον
1449 1400 1512 1435 ἡμῖν
1530 1397 1677 1435 μανθάνειν.

987 1634 1016 1662 o'.
1039 1634 1178 1673 Ἀφθονίῳ,
1199 1633 1336 1672 Θεοδότῳ,
1358 1633 1473 1672 Χαιρέα,
1500 1632 1683 1672 πρεσὸυτὲροις
1709 1633 1752 1662 καὶ

1287 1679 1449 1715 μονάζουσιν.

1027 1771 1192 1810 Ἔὸουλόμην
1215 1771 1259 1800 καὶ
1285 1771 1360 1803 αὐτὸς
1375 1771 1601 1810 παραγενομένους
1622 1774 1690 1809 ὑμᾶς
1712 1774 1755 1801 ἐν-

987 1820 1070 1846 ταῦθα
1087 1818 1147 1845 ἰδεῖν
1160 1829 1165 1834 ’
1185 1818 1242 1845 ἀλλ’
1258 1816 1347 1851 ἐπειδὴ
1369 1816 1452 1845 πολλὰ
1467 1816 1499 1844 τὰ
1518 1816 1664 1853 κωλύοντα,
1679 1820 1754 1846 τοῦτο

989 1863 1036 1901 μὲν
1051 1865 1079 1892 οὐ
1098 1865 1187 1900 τολμῶ
1201 1865 1245 1890 νῦν
1266 1864 1402 1896 ἀπαιτεῖν,
1417 1861 1480 1894 ἀξιῶ
1502 1862 1542 1898 δὲ,
1561 1862 1606 1891 καὶ
1621 1862 1754 1901 πόῤῥωθεν

988 1910 1062 1942 ὄντας
1072 1932 1078 1944 ,
1092 1909 1138 1944 τὴν
1153 1909 1204 1937 ἀπὸ
1215 1910 1266 1936 τῶν
1283 1907 1557 1946 πεπαρρησιασμένιιΝ
1577 1909 1660 1946 εὐχῶν
1681 1910 1755 1946 ὑμῶν

988 1955 1113 1994 παρέχειν
1140 1953 1293 1992 συμμαχίαν
1317 1955 1380 1991 ἡμῖν
1404 1952 1491 1989 (αὕτη
1514 1952 1563 1991 γὰρ
1588 1953 1646 1982 οὔτε
1670 1954 1755 1993 χρόνῳ

989 2000 1144 2039 μαραίνεται
1164 2002 1179 2034 ἡ
1201 2000 1323 2037 βοήθεια,
1346 1997 1403 2027 οὔτε
1423 2000 1482 2026 ὁδοῦ
1506 1998 1584 2036 μήκει
1603 1999 1756 2038 διείργεται,

988 2047 1046 2075 ἀλλ’
1060 2046 1174 2083 ὅπουπερ
1187 2044 1217 2073 ἂν
1233 2044 1310 2082 διάγῃ
1330 2055 1370 2076 τις
1384 2043 1534 2082 παῤῥησίαν
1548 2044 1612 2083 πρὸς
1629 2043 1672 2073 τὸν
1688 2043 1756 2073 Θεὸν

989 2091 1056 2131 ἔχων
1065 2114 1072 2127 ,
1086 2091 1204 2129 καθάπερ
1224 2085 1266 2119 οὖν
1281 2090 1325 2118 καὶ
1345 2091 1418 2128 ὑμεῖς
1427 2112 1434 2125 ,
1447 2089 1553 2118 δύναται
1567 2089 1612 2118 καὶ
1625 2089 1683 2121 τοὺς
1695 2089 1758 2128 πόρ·

991 2140 1070 2177 ῥωθεν
1087 2137 1161 2169 ὄντας
1184 2138 1298 2165 ἐντεῦθεν
1319 2135 1353 2164 τὰ
1375 2134 1489 2173 μέγιστα
1502 2135 1634 2174 ὠφελεῖν),
1649 2135 1715 2173 μετὰ
1730 2135 1756 2163 δὲ

988 2185 1039 2211 τῶν
1056 2183 1137 2220 εὐχῶν
1155 2181 1198 2209 καὶ
1213 2180 1357 2220 γράμματα
1369 2183 1432 2218 ἡμῖν
1453 2180 1579 2219 παρέχειν
1596 2181 1629 2209 τὰ
1644 2183 1757 2219 συνεχῶς

987 2227 1047 2266 περὶ
1066 2229 1111 2261 τῆς
1133 2226 1220 2265 ὑγείας
1240 2227 1332 2263 “ὑμῶν
1350 2226 1578 2264 εὐαγγελιζόμενα.
1600 2227 1633 2254 Εἰ
1647 2225 1698 2264 γὰρ
1713 2226 1757 2254 καὶ

987 2273 1073 2302 πολλὰ
1086 2272 1118 2300 τὰ
1132 2271 1294 2310 πανταχόθεν
1306 2273 1369 2309 ἡμῖν
1382 2272 1629 2310 περιεστοιχισμένα
1643 2272 1757 2309 κύματα,

988 2319 1032 2348 καὶ
1045 2318 1141 2357 ἐρημία
1156 2317 1246 2352 τόπου,
1264 2317 1308 2345 καὶ
1327 2316 1476 2355 πολιορκία,
1491 2318 1535 2345 καὶ
1550 2317 1675 2356 Ἰσαύρων
1696 2317 1757 2356 ἔφο-

989 2365 1044 2400 δος,
1066 2363 1110 2392 καὶ
1131 2362 1304 2401 καθημερινὸς
1320 2362 1427 2394 θάνατος
1441 2362 1560 2402 (θανάτῳ
1576 2362 1626 2402 γὰρ
1641 2364 1757 2399 συζῶμεν

989 2411 1117 2444 διηνεκεῖ,
1141 2408 1258 2447 καθάπερ
1280 2409 1306 2436 ἐν
1330 2408 1518 2446 δεσμοπηριίρ,
1541 2409 1567 2435 ἓν
1588 2410 1625 2446 τῷ
1646 2408 1759 2447 φρουρίῳ

1038 2495 1048 2505 ³
1059 2486 1160 2511 coislin.
1168 2489 1229 2518 ὑμῶν
1240 2489 1292 2517 ἡμῖν
1304 2485 1584 2517 εὖαγγῑλιζόμενα.ῐ”λῐίο.
1595 2488 1655 2518 ὑμῶν
1669 2491 1757 2518 ἡμᾶς...

1006 2526 1062 2550 Mox
1077 2525 1169 2550 Coislin
1193 2528 1244 2556 ἡμῖν
1256 2529 1413 2558 περιεστοίχιτε
1426 2527 1524 2556 κύματα.
