1843 2810
99 270 165 291 Rom.
180 270 201 300 4.
214 272 238 298 5,

90 681 156 703 Fidus
165 691 231 710 quare

87 714 171 733 auxilio
183 715 229 742 Spi.

91 745 145 764 ritus
173 746 231 766 iudi-

88 779 144 800 goat.

82 1414 100 1428 1.
110 1409 186 1429 Thess.
196 1408 218 1430 5.

83 1445 116 1467 19.

97 1795 216 1822 Quomodo

73 1826 170 1852 Spiritus

74 1861 162 1876 saucius
194 1858 215 1876 in

73 1887 134 1907 nnius
165 1888 217 1907 reli.

75 1921 159 1938 nvaiur.

70 2421 153 2443 Manu.
170 2422 197 2443 25
203 2438 208 2443 .

73 2459 107 2473 12·

253 154 322 188 5¹6
567 168 595 189 S.
624 167 762 189 JOAXNNKS
790 166 970 188 CHRYSOST.
1002 167 1158 189 Ancullw.
1188 168 1456 192 CONSTANTINOP.

249 223 283 251 tis
298 224 423 253 meritum
436 231 475 253 est
486 224 561 254 fides.
578 225 639 260 Quo
657 231 746 253 autem
761 222 839 252 modo
850 222 916 250 alibi
932 222 961 249 id

249 279 356 297 rursum
380 270 531 298 subindicat
553 270 661 307 dicens,
678 271 717 298 Ei
739 279 809 297 vero
830 270 881 308 qui
903 278 960 295 non

249 321 397 351 operatur,
414 316 466 343 sed
492 316 583 344 credit
609 317 640 343 in
660 325 725 343 eum
749 316 800 353 qui
815 313 960 352 justificat

1016 226 1119 260 θωμαή
1131 224 1228 258 πίστις.
1246 227 1307 258 Πῶς
1329 227 1355 254 δὲ
1378 228 1494 264 ἀλλαχοῦ
1517 228 1592 254 τοῦτο
1611 224 1674 253 αὐτὸ
1700 224 1777 253 πάλιν

1015 269 1314 310 αἰνίττεταιλέγ(ι)ν,Τῷ
1332 272 1358 300 δὲ
1377 272 1413 309 μὴ
1429 271 1609 311 ἐργαζομένῳ,
1631 269 1778 298 πιστεύοντι

1014 313 1039 342 δὲ
1055 315 1097 343 ἐπὶ
1117 316 1160 344 τὸν
1180 317 1328 345 δικαιοῦντα
1343 317 1385 345 τὸν
1405 317 1488 352 &asez
1499 340 1506 352 ‚
1520 317 1650 354 λογίζεται
1663 318 1679 349 ἢ
1692 315 1779 347 πίστις

247 361 378 398 impium,
395 363 557 399 imputatur
566 361 643 400 fides
664 371 719 388 sua
744 360 784 387 ad
803 360 959 398 justitiam,
976 366 993 387 C
1013 361 1048 391 εἰς
1073 360 1254 397 δικαιοσύνην,
1272 364 1294 391 εἰ
1316 365 1362 397 τῆς
1382 365 1426 390 τοῦ
1453 363 1606 399 Πνεύματος
1620 362 1726 400 χάριτος
1749 360 1778 388 τὸ

247 404 269 432 si
289 411 374 433 totum
395 413 432 434 cst
450 406 541 444 gratiae
560 405 700 444 Spiritus?
721 404 767 442 qui
788 404 859 432 enim
879 402 958 431 etiam

245 450 423 487 patriarcham
446 450 581 479 Abraham
595 450 720 489 piurimis
742 448 878 477 redimivit
895 448 956 476 lau-

243 495 312 524 dum
325 496 438 531 coronis,
451 507 481 524 eo
492 496 565 534 quod
580 495 717 524 contemtis
731 495 809 523 rebus
820 494 957 533 prmseuti-

242 540 302 577 bus,
317 549 412 580 praeter
427 553 501 580 spem
525 542 550 570 in
569 552 642 580 spem
660 540 798 569 credidit?
813 541 902 574 Quam
922 539 956 567 ob

242 596 297 614 rem
308 586 531 626 igiturSpiritum
542 587 605 615 fidei
618 593 693 615 vocat
705 597 762 614 eam
771 587 783 614 ⁷)
792 585 866 614 Illud
878 585 956 613 nimi-

242 641 303 659 rum
324 632 462 661 ostendere
480 633 586 667 volens,
603 631 675 670 quod
700 631 776 659 initio
796 630 913 665 credere,
930 638 954 658 et

242 687 333 716 parcre
343 678 460 715 vocanti,
474 685 568 706 nostrae
582 685 619 706 cst
632 678 708 706 bonae
725 677 833 704 mentis:
843 684 868 704 at
882 683 953 715 post-

242 733 323 760 quam
334 724 405 762 jacta
419 723 517 751 suerint
532 723 595 751 fidei
611 722 783 751 fundamenta
793 744 800 758 ‚
814 722 870 761 jam
887 732 953 760 opus

241 774 279 795 est
292 769 396 797 auxilio
410 768 570 807 Spiritus,ut
582 768 608 796 in
621 768 697 796 nobis
708 774 835 806 perpctuo
850 774 953 795 maneat

240 813 395 842 inconcussa
403 821 428 842 et
439 813 667 852 inexpugnabilis.
684 814 775 851 Neque
785 812 855 840 enim
868 813 952 848 Deus,

240 868 324 896 neque
335 859 452 897 Spiritus
461 859 546 897 gratia
559 864 679 886 nostrum
689 858 817 896 praevenit
830 857 951 896 proposi-

238 910 295 932 tum
309 916 315 931 z
341 904 387 932 scd
412 904 517 932 tametsi
544 910 628 940 vocet,
646 909 781 942 exspectat
806 910 901 939 tamen,
922 910 951 931 ut

237 956 331 987 sponte
345 956 369 977 et
384 949 490 988 propria
507 949 644 977 voluntate
658 948 824 984 accedamus,
842 958 872 976 ac
894 955 949 976 tum

236 994 346 1022 demum
356 1005 417 1023 cum
424 994 609 1023 accesserimus
622 994 699 1022 nobis
712 1004 790 1021 suum
802 1001 886 1022 totum
903 1004 949 1022 ex—

234 1040 309 1068 hibet
327 1041 470 1069 auxilium.
486 1040 620 1075 Quoniam
635 1040 706 1068 enim
720 1039 856 1076 diabolus,
872 1046 948 1077 post—

232 1096 344 1123 eaquam
358 1085 391 1114 ad
407 1086 487 1114 finem
502 1085 671 1120 accessimus,
688 1085 812 1112 continuo
828 1084 949 1122 subrepit

232 1131 324 1159 volens
332 1131 465 1169 egregiam
476 1131 545 1159 hanc
555 1130 671 1158 radicem
687 1130 837 1163 evellere&
849 1129 948 1157 zizania

232 1187 375 1215 properans
386 1177 539 1205 interserere
548 1198 556 1213 7
571 1186 779 1214 gcrmamuuque
795 1186 825 1204 ac
849 1187 947 1214 purum

231 1232 317 1249 semen
334 1221 440 1258 laedere,
453 1232 520 1260 opus
536 1228 590 1249 tum
607 1221 737 1249 habemus
751 1221 853 1249 auxilio
861 1221 946 1260 Spiri-

231 1273 282 1303 tus,
299 1274 326 1295 ut
342 1266 568 1305 quemadmodum
583 1273 707 1294 strenuus
718 1266 835 1303 agricola
851 1266 947 1294 animm

230 1319 325 1340 nostrae
343 1312 460 1340 insidens
472 1334 481 1349 ‚
495 1312 579 1340 multa
595 1322 656 1340 cura
672 1318 696 1339 et
713 1311 882 1350 providentia
895 1322 945 1340 no—

228 1358 326 1386 vellam
343 1357 405 1386 fidei
421 1357 540 1396 plantam
557 1356 734 1394 undequaque
751 1357 863 1387 muniat,
882 1356 945 1385 Ideo

229 1401 621 1438 Thessaloniccnsibusquoque
629 1400 761 1428 scribebat
769 1399 860 1428 dicens
869 1400 944 1438 :Spi-

228 1449 317 1475 ritum
337 1457 372 1474 ue
384 1447 577 1484 exstinguatis
588 1457 596 1472 :
610 1452 638 1473 ut
653 1444 792 1481 ostendat,
804 1445 944 1473 accedente

227 1492 344 1530 Spiritus
353 1491 446 1530 gratia,
455 1490 675 1529 inexpugnabiles
688 1500 734 1518 nos
746 1490 816 1518 malo
826 1490 941 1519 daemoni

227 1544 306 1575 atque
320 1536 445 1565 omnibus
459 1537 515 1574 ejus
528 1535 632 1563 insidiis
645 1536 748 1563 futuros
761 1546 824 1564 esse.
837 1537 905 1564 Nam
920 1536 942 1564 si

227 1593 305 1611 nemo
316 1589 400 1621 potest
415 1581 503 1610 dicere
512 1581 658 1609 Dominum
669 1582 760 1610 Jcsum
776 1581 827 1609 nisi
843 1581 869 1609 in
876 1581 941 1620 Spi-

226 1628 280 1656 ritu
291 1627 478 1663 sancto,mult0
487 1627 571 1665 magis
579 1626 659 1654 sidem
665 1633 750 1654 tutam
762 1633 787 1654 et
796 1627 941 1655 radicatam

228 1682 279 1701 non
293 1673 389 1711 poterit
403 1672 501 1700 habere
518 1671 567 1700 nisi
580 1671 607 1699 in
622 1671 724 1710 Spiritu
736 1678 834 1700 sancto.

267 1783 296 1810 6.
310 1783 343 1809 At
366 1780 499 1819 quomodo
521 1779 665 1819 poterimus
680 1780 787 1808 allicere
806 1781 939 1808 auxilium

228 1827 354 1866 Spiritus,
367 1827 444 1864 eique
459 1826 618 1865 persuadere
637 1833 667 1854 ut
678 1825 752 1864 apud
773 1836 821 1854 nos
835 1836 940 1854 manere

226 1873 310 1902 velit?
321 1874 372 1901 Per
385 1883 463 1911 opera
474 1872 543 1900 bona
554 1878 580 1900 et
591 1872 719 1910 optimam
729 1871 838 1900 vivendi
853 1872 939 1900 ratio—

1012 408 1064 432 πᾶν
1078 406 1146 440 ἐστι;
1167 407 1222 438 πῶς
1246 406 1272 434 δὲ
1288 407 1332 434 καὶ
1347 407 1390 434 τὸν
1406 407 1571 445 πατριάρχην
1588 405 1706 444 Ἀῧραὰμ
1722 405 1776 432 ²31⁷

1011 451 1092 484 αὐτῆς
1106 450 1206 489 μυρίοις
1228 451 1351 485 ἀνέδησεν
1367 452 1503 490 ἐγκωμίων
1521 451 1668 490 στεφάνοις,
1682 450 1722 478 ὅτι
1743 449 1775 477 τὰ

1010 495 1127 533 παρόντα
1137 496 1222 524 πάντα
1243 497 1433 535 παραδραμὼν,
1445 499 1506 534 παρ’
1526 496 1618 524 ἐλπίδα
1635 495 1677 523 ἐπ’
1690 494 1775 523 ἐλπίδι

1009 540 1159 576 ἐπίστευσε;
1170 541 1247 574 Τίνος
1258 537 1300 570 οὖν
1307 543 1382 570 ἕνεκα
1393 543 1503 579 Πνεῦμα
1513 542 1625 573 πίστεως
1638 535 1717 575 αὐτην
1727 552 1774 568 κα-

1008 586 1047 614 λεῖ
1057 598 1063 620 ;
1072 587 1174 616 Ἐκεῖνο
1182 588 1263 621 δεῖξαι
1276 589 1438 627 βουλόμενος,
1445 589 1484 617 ὅτι
1496 589 1525 617 τὸ
1539 589 1584 627 μὲν
1592 588 1718 628 παρὰτὴν
1727 589 1773 627 ἀρ-

1008 631 1058 670 χὴν
1070 637 1216 668 πιστεῦσαι,
1230 636 1276 668 τῆς
1292 634 1421 672 ἡμετέρας
1434 633 1630 672 εὐγνωμοσύνης
1641 634 1713 668 ἐστὶ,
1729 634 1773 662 καὶ

1006 678 1036 706 τὸ
1049 680 1195 708 ὑπακοῦσαι
1211 679 1364 714 κληθέντας·
1388 679 1454 718 μετὰ
1476 680 1502 708 δὲ
1526 679 1555 708 τὸ
1575 680 1772 714 καταὸληθῆναι

1006 724 1053 758 τὴν
1074 725 1171 761 πίστιν,
1186 727 1233 760 τῆς
1258 730 1303 755 τοῦ
1319 726 1472 764 Πνεύματος
1487 725 1607 763 ἰδεόμεθα
1633 724 1752 763 βοηθείας
1763 747 1770 760 ,

1006 769 1073 798 ὥστε
1088 770 1174 807 μένειν
1190 771 1270 806 αὐτὴν
1294 773 1417 806 διηνεκῶς
1430 772 1550 801 ἄσειστον
1565 771 1609 799 καὶ
1632 770 1771 810 ἀπερίτρε-

1005 826 1078 843 πτον.
1095 816 1163 845 Οὔτε
1176 817 1225 856 γὰρ
1239 820 1251 845 ὁ
1266 818 1349 853 Θεὸς,
1364 816 1422 845 οὔτε
1434 819 1450 851 ἡ
1465 820 1509 845 τοῦ
1524 816 1678 853 Πνεύματος
1693 816 1770 854 χάρις

968 868 986 890 D
1004 859 1052 894 τὴν
1062 861 1193 899 ἡμετέραν
1208 862 1349 901 προφθάνει
1366 862 1517 900 προαίρεσιν
1526 874 1531 879 ·
1543 861 1610 890 ἀλλὰ
1622 862 1696 889 καλεῖ
1709 861 1767 899 μὲν,

1005 906 1128 943 ἀναμένει
1145 907 1171 936 δὲ
1196 907 1264 935 ὥστε
1289 908 1395 940 ἑκόντας
1413 908 1457 936 καὶ
1483 908 1654 945 βουληθέντας
1670 907 1768 935 οἴκοθεν

1003 954 1168 990 προσελθεῖν*
1191 949 1262 988 εἶτα,
1292 953 1395 982 ἐπειδὰν
1418 954 1613 992 προσέλθωμεν,
1635 953 1694 981 τότε
1720 952 1767 987 τὴν

1003 999 1065 1035 παρ’
1089 1000 1179 1026 ἑαυτοῦ
1202 999 1312 1038 παρέχει
1339 1000 1494 1037 συμμαχίαν
1519 999 1633 1028 ἅπασαν.
1657 998 1766 1033 Ἐπειδὴ

1002 1042 1110 1080 γὰρκαὶ
1128 1045 1141 1071 ὁ
1165 1043 1284 1077 ὃιάῧολος
1311 1045 1377 1081 μετὰ
1396 1045 1425 1073 τὸ
1448 1047 1480 1082 τῇ
1506 1044 1593 1072 πίστει
1616 1045 1767 1083 προσελθεῖν

1001 1090 1086 1124 ἡμᾶς,
1102 1089 1194 1120 εὐθέως
1218 1089 1413 1128 ἐπεισέρχεται,
1425 1089 1472 1123 τὴν
1489 1089 1570 1124 καλὴν
1585 1089 1683 1124 ταύτην
1695 1089 1766 1127 ῥίζαν

1002 1133 1153 1162 ἀνασπάσαι
1170 1135 1338 1172 βουλόμενος,
1349 1136 1394 1164 καὶ
1413 1135 1446 1163 τὰ
1462 1135 1560 1168 ζιζάνια
1575 1139 1680 1174 σπεῖραι
1692 1136 1766 1163 ἐπει-

1001 1179 1123 1216 γόμενος,
1138 1180 1181 1208 καὶ
1207 1184 1259 1212 τοῖς
1279 1180 1393 1218 γνησίοις
1408 1180 1452 1209 καὶ
1466 1183 1587 1219 καθαροῖς
1601 1180 1766 1217 λυμήνασθαι

1001 1224 1134 1263 σπέρμασι
1148 1248 1154 1260 ,
1169 1225 1278 1263 δεόμεθα
1290 1228 1336 1260 τῆς
1350 1229 1394 1254 τοῦΙ
1406 1225 1559 1263 Πνεύματος
1576 1225 1696 1264 βοηθείας
1708 1225 1766 1254 τότε

1000 1269 1056 1304 ἵνα,
1081 1270 1198 1309 καθάπερ
1218 1272 1329 1310 γεωργὸς
1353 1270 1366 1286 b
1382 1271 1518 1310 φιλόπονος
1532 1293 1539 1306 ‚
1568 1270 1766 1309 ἐγκαθεζόμενος

999 1317 1074 1352 ἡμῶν
1085 1317 1118 1353 τῇ
1132 1317 1222 1354 ψυχῇ,
1235 1317 1319 1354 πολλῇ
1342 1318 1373 1351 τῇ
1389 1317 1470 1354 φειδοῖ
1485 1316 1529 1344 καὶ
1544 1315 1651 1355 προνοίᾳ
1663 1315 1763 1354 τειχίζῃ

962 1363 980 1385 E
998 1360 1123 1389 πάντοθεν
1138 1362 1167 1389 τὸ
1187 1361 1310 1399 νεοπαγὲς
1325 1364 1371 1395 τῆς
1385 1361 1497 1393 πίστεως
1512 1361 1600 1400 φυτόν.
1618 1361 1669 1389 Διὰ
1688 1364 1764 1389 τοῦτο

998 1407 1233 1435 Θεσσαλονικεῧσιν
1255 1406 1394 1435 ἐπέστελλε
1416 1407 1512 1444 λέγων,
1534 1407 1573 1435 Τὸ
1598 1408 1706 1444 Πνεῦμα
1726 1407 1762 1444 μὴ

997 1451 1132 1485 σὸέννυτε,
1145 1452 1230 1486 δηλῶν
1240 1452 1334 1487 ὅτιτῆς
1347 1455 1390 1480 τοῦ
1398 1452 1552 1490 Πνεύματος
1560 1452 1666 1491 χάριτος
1674 1453 1762 1480 ἐπεισ-

997 1495 1134 1532 ελθούσης,
1155 1497 1363 1535 ἀκαταγώνιστοι
1376 1499 1413 1536 τῷ
1433 1500 1538 1536 πονηρῷ
1553 1497 1657 1534 δαίμονι
1673 1498 1762 1526 λοιπὸν

997 1541 1041 1569 καὶ
1057 1546 1112 1574 ταῖς
1127 1541 1269 1579 μεθοδείαις
1292 1543 1368 1571 αὐτοῦ
1392 1543 1491 1574 πάσαις
1513 1543 1634 1581 ἐσόμεθα.
1657 1544 1688 1572 E}
1712 1543 1763 1582 γὰρ

996 1587 1076 1619 οὐδεὶς
1090 1587 1198 1616 δύναται
1210 1589 1290 1616 εἰπεῖν
1304 1587 1398 1626 Κύριον
1414 1589 1527 1623 Ἰησοῦν,
1544 1590 1566 1616 εἰ
1581 1587 1617 1625 μὴ
1633 1590 1659 1617 ἐν
1676 1589 1762 1617 Πνεύ-

997 1644 1061 1669 ματι
1079 1632 1162 1672 ἁγίῳ,
1179 1634 1268 1672 πολλῷ
1296 1633 1394 1670 μᾶλλον
1409 1632 1456 1667 τὴν
1478 1632 1566 1661 πίστιν
1589 1635 1694 1672 ἀσφαλῆ
1718 1635 1762 1663 καὶ

996 1678 1169 1716 ἐρριζωμένην
1182 1680 1210 1707 οὐ
1225 1679 1361 1713 δυνήσεται
1374 1683 1531 1717 κατασχεῖν,
1548 1680 1570 1707 εἶ
1585 1679 1620 1716 μὴ
1636 1681 1661 1708 ἐν
1674 1680 1762 1709 Πνεύ·

997 1735 1060 1760 ματι
1075 1723 1151 1762 ἁγίῳ.

1035 1776 1097 1807 Πῶς
1116 1775 1142 1804 δὲ
1158 1776 1321 1813 δυνησόμεθα
1344 1776 1391 1810 τὴν
1412 1778 1457 1804 τοῦ
1475 1777 1629 1814 Πνεύματος
1644 1776 1761 1805 ἐπισπά-

994 1823 1088 1849 σασθαι
1105 1822 1241 1859 βοήθειαν,
1255 1822 1300 1849 καὶ
1313 1825 1402 1849 πεῖσαι
1415 1826 1501 1858 μεῖναι
1516 1823 1578 1859 παρ’
1593 1824 1706 1857 ἑαυτοῖς
1718 1822 1770 1851 Δι’.

994 1866 1075 1905 ἔργων
1093 1868 1194 1904 ἀγαθῶν
1219 1867 1264 1895 καὶ
1281 1866 1413 1898 πολιτείας
1427 1866 1544 1904 ἀρίστης.
1560 1867 1686 1906 Καθάπερ
1709 1866 1761 1906 γὰρ

227 1919 379 1948 ncm.Sicut
394 1918 464 1946 enim
481 1917 594 1945 lucerna:
614 1917 703 1944 lumen
723 1917 781 1945 oleo
795 1917 936 1951 retinetur,
949 1939 983 1957 Μ
993 1912 1021 1940 τὸ
1035 1913 1168 1951 λυχνιαῖον
1184 1915 1236 1950 φῶς
1251 1912 1329 1951 ἐλαίῳ
1344 1912 1498 1949 κατέχεται,
1519 1912 1564 1940 καὶ
1585 1912 1762 1944 ἀναλωθέντος

223 1972 248 1993 et
260 1971 400 1993 consumto
422 1974 452 1991 eo
476 1963 565 2002 ipsum
579 1972 684 2000 quoque
703 1972 755 1990 uua
770 1969 938 1990 consumtum
957 1966 975 1988 A
993 1957 1082 1986 τούτου
1102 1960 1207 1986 κάκεῖνο
1221 1957 1400 1986 συναναλωθὲν
1415 1957 1534 1985 ἄπεισιν·
1556 1957 1624 1986 οὕτω
1639 1957 1669 1992 δὴ
1686 1958 1729 1986 καὶ
1741 1961 1758 1993 ἡ

223 2009 371 2038 evanescit:
387 2009 424 2036 ita
440 2008 518 2036 etiam
535 2007 653 2046 Spiritus
666 2007 761 2045 gratia,
777 2007 843 2035 dum
856 2007 937 2036 habe-

223 2064 282 2082 mus
292 2064 371 2092 opera
387 2053 468 2089 bona,
484 2059 510 2080 et
521 2052 621 2080 crebris
632 2051 806 2090 eleemosynis
821 2052 937 2080 animam

222 2099 350 2137 rigamus,
366 2105 453 2126 manet
475 2108 527 2125 non
547 2097 624 2125 aliter
646 2108 728 2135 quam
751 2097 857 2125 flamma
879 2098 937 2126 olco

222 2150 337 2172 retenta:
355 2154 413 2181 quae
433 2143 454 2171 si
470 2153 521 2170 non
546 2142 644 2178 adsint,
658 2142 756 2171 recedit
781 2153 796 2170 a
813 2142 889 2171 nobis
911 2150 936 2171 et

221 2188 293 2225 abit;
313 2187 383 2226 quod
398 2188 478 2215 etiam
495 2186 611 2224 quinque
625 2187 678 2215 illis
696 2187 848 2225 virginibus
860 2187 933 2216 acci-

221 2233 268 2262 dit.
279 2233 386 2262 Etenim
399 2233 451 2260 illae
465 2239 525 2271 post
541 2233 638 2260 multos
648 2233 751 2261 labores
765 2243 796 2261 ac
813 2233 932 2270 sudores,

221 2290 282 2308 cum
296 2279 400 2308 nullum
415 2278 543 2305 haberent
556 2288 587 2306 ex
603 2288 649 2305 sua
664 2278 826 2316 benignitate
840 2279 933 2317 praesi-

219 2325 313 2361 dium,
332 2334 384 2353 non
398 2322 628 2362 potuerunt-apud
646 2333 673 2351 se
688 2323 799 2351 retinere
813 2324 931 2362 Spiritus

219 2370 333 2410 gratiam
349 2381 354 2397 :
371 2376 450 2406 atque
476 2368 534 2395 idco
557 2374 619 2395 sunt
638 2378 653 2395 a
673 2367 791 2396 thalamo
808 2369 929 2406 repulsae,

218 2426 364 2453 vocemque
387 2414 460 2442 illam
484 2412 630 2441 terribilem
653 2412 928 2442 audierunt:Di5ce-

991 2007 1037 2032 τοῦ
1061 2003 1216 2041 Πνεύματος
1239 2003 1330 2041 χάρις,
1350 2003 1485 2042 παρόντων
1516 2002 1561 2040 μὲν
1587 2005 1649 2040 ἡμῖν
1675 2004 1758 2042 ἔργων

991 2050 1112 2087 ἀγαθῶν,
1132 2049 1177 2076 καὶ
1202 2048 1386 2085 ἐλεημοσύνης,
1400 2048 1500 2082 πολλῆς
1527 2048 1696 2087 ἐπιχεομένης
1723 2051 1755 2087 τῇ

989 2096 1075 2133 ψυχῇ,
1100 2094 1170 2132 μένει
1191 2093 1310 2132 καθάπερ
1339 2093 1418 2131 ἐλαίῳ
1443 2093 1605 2132 κατεχομένη
1631 2095 1647 2128 ἡ
1674 2094 1755 2132 φλόξ·

988 2141 1086 2175 ταύτης
1102 2140 1128 2169 δὲ
1143 2141 1189 2168 οὐκ
1206 2139 1298 2174 οὔσης,
1315 2138 1403 2167 ἄπεισι
1418 2138 1462 2166 καὶ
1478 2140 1622 2177 ἀναχωρεῖ·
1635 2138 1699 2178 ὅπερ
1710 2140 1755 2168 καὶ

988 2186 1097 2215 ἐπὶτῶν
1117 2184 1194 2213 πέντε
1220 2183 1356 2223 παρθένων
1373 2182 1483 2220 ἐγένετο.
1505 2183 1557 2211 Καὶ
1582 2183 1633 2222 γὰρ
1658 2184 1754 2212 ἐκεῖναι

988 2231 1055 2269 μετὰ
1071 2230 1129 2262 τοὺς
1141 2228 1251 2261 πολλοὺς
1267 2229 1358 2260 πόνους
1374 2228 1418 2256 καὶ
1441 2227 1500 2259 τοὺς
1523 2228 1648 2266 ἱδρῶτας,
1662 2229 1751 2264 ἐπειδὴ

986 2276 1033 2311 τὴν
1051 2276 1103 2304 ἀπὸ
1118 2276 1165 2308 τῆς
1180 2272 1376 2313 φιλανθρωπίας
1390 2274 1437 2301 οὐκ
1460 2269 1530 2311 εἶχον
1554 2273 1691 2311 βοήθειαν,
1705 2276 1752 2303 οὐκ

985 2322 1095 2360 ἴσχυσαν
1121 2321 1183 2359 παρ’
1206 2321 1309 2351 ἑαυταῖς
1336 2322 1478 2356 κατασχεῖν
1493 2317 1581 2346 τὸτοῦ
1598 2318 1752 2356 Πνεύματος

984 2367 1119 2406 χάρισμα-
1136 2365 1173 2393 διὸ
1194 2364 1238 2392 καὶ
1266 2365 1310 2391 τοῦ
1333 2364 1469 2400 νυμφῶνος
1496 2362 1681 2399 ἐξεόλήθησαν,
1705 2366 1749 2393 καὶ

983 2414 1030 2446 τῆς
1042 2411 1153 2450 φοὸερᾶς
1165 2409 1264 2443 ἐκείνης
1284 2407 1397 2442 ἥκουσαν
1413 2409 1513 2454 φωνῆς,
1536 2407 1666 2446 Ὑπάγετε
1678 2432 1684 2444 ,
1702 2412 1748 2438 οὐκ

218 2464 287 2499 dite,
300 2471 358 2489 non
375 2462 446 2488 novi
456 2469 510 2487 vos
524 2469 532 2485 .·
544 2468 602 2496 quae
617 2457 658 2486 vel
671 2458 789 2496 gehenna
803 2458 853 2486 suit
869 2469 927 2497 gra-
946 2468 963 2490 Β
982 2453 1039 2486 οἶδα
1055 2459 1138 2494 ὑμᾶς·
1154 2455 1170 2489 ἢ
1188 2454 1232 2483 καὶ
1254 2456 1300 2489 τῆς
1326 2453 1427 2491 γεέννης
1448 2456 1478 2487 ἠν
1500 2454 1689 2494 χαλεπωτέρα.
1703 2456 1745 2484 διὰ

247 2560 257 2571 Α
276 2551 330 2575 nuo
339 2549 397 2574 uss.
410 2550 437 2574 δι’
449 2550 524 2577 αὐτήν.
538 2545 612 2579 [eod.
623 2546 671 2569 748
684 2547 711 2571 ze
723 2536 791 2574 «Yon-,⁵
803 2544 919 2575 omina]

1020 2544 1032 2561 b
1052 2543 1105 2567 Duo
1118 2542 1167 2565 Mss
1189 2544 1317 2573 φιλοπόνως.
