1840 2839
507 180 595 210 Quot)
624 179 716 201 NEMO
744 180 888 202 LEDthlt
918 180 980 201 Nisi
1011 180 1027 201 A
1058 179 1181 202 stiwso.

74 244 185 282 δουμιένι·Ι
212 243 303 278 ἥδεται
327 243 371 272 καὶ
396 247 495 281 τρυφᾷ,
521 242 566 270 καὶ
594 242 718 281 κάνθαροι
742 242 838 281 κόπρον

75 292 189 329 συνεχῶς
204 289 392 321 ἀνελίττοντες·
409 288 476 316 οὕτω
490 287 521 323 δὴ
538 288 583 316 καὶ
597 290 620 317 οἱ
633 290 664 326 τῇ
681 287 839 327 φιλαργυρίᾳ

74 336 178 368 ἁλόντες
191 337 242 364 τῶν
257 334 329 368 ζώων
346 333 444 362 τούτων
463 334 527 362 εἰσὶν
543 334 705 372 ἀθλιώτεροι.
723 334 774 362 Καὶ
789 334 839 372 γὰρ

75 381 168 419 μείζων
183 384 199 416 ἡ
215 382 324 409 ἐνταῦθα
341 378 487 418 βδελυγμία
497 402 503 414 ‚
518 379 562 408 καὶ
578 381 591 407 ὁ
613 379 737 419 βόρίορος
757 381 839 408 δυσω-

73 426 204 464 δέστερος·
220 425 424 465 ἐνδιατρίὸοντες
437 424 487 463 γὰρ
498 427 536 463 τῷ
548 425 625 453 πάθει
636 447 643 458 ,
654 425 754 460 πολλὴν
768 424 840 463 νομί-

72 472 157 504 ζουσιν
173 471 267 506 ἡδονὴν
280 473 396 500 ἐντεῦθεν
411 472 589 508 καρποῦσθαι·
601 470 666 508 ὅπερ
687 472 715 498 οὐ
731 473 776 505 τῆς
795 470 840 508 φύ-

72 528 137 549 σεως
157 520 202 546 τοῦ
219 516 374 556 πράγματός
394 517 474 552 ἐστιν,
498 515 565 545 ἀλλὰ
583 518 629 551 τῆς
646 516 693 551 τ’),ν
717 516 838 551 τοιαύτην

70 562 178 601 ἀλογίαν
206 563 328 597 νοσούσης
351 561 474 594 διανοίας.
500 562 585 590 Τοῦτο
611 561 637 589 δὲ
662 563 709 596 τῆς
734 561 839 600 ἀλογίας

70 608 175 637 ἐκείνων
192 613 290 648 χεῖρον.
303 608 409 646 ”ξὶσπερ
423 603 465 636 οὖν
478 607 521 636 ἐπὶ
532 611 576 636 τοῦ
594 607 721 647 βορὸόρου
734 607 778 635 καὶ
794 610 840 642 τῆς

70 654 184 693 κόπρου,
200 656 228 684 οὐ
247 657 291 683 τοῦ
308 654 436 693 βορῧόρου
453 653 498 682 καὶ
512 654 559 687 τῆς
579 653 677 692 κόπρου
699 652 729 680 τὸ
748 652 840 687 αἴτιον,

70 700 138 729 ἀλλὰ
154 703 201 735 τῆς
223 700 331 739 ἀλογίας
350 702 402 728 τῶν
422 698 635 737 ἐμπεπτωκότων
661 697 750 731 ζώων·
772 697 840 726 οὕτω

69 746 115 775 καὶ
129 746 173 775 ἐπὶ
186 748 236 775 τῶν
250 745 395 784 ἀνθρώπιον
408 744 521 783 λογίζου.

110 791 163 820 Καὶ
177 792 232 823 πῶς
243 791 275 819 ἂν
292 790 435 827 ἰασαίμεθα
451 789 510 821 τοὺς
521 788 589 817 οὕτω
601 789 796 827 διακειμένους;
808 790 840 818 Ei

70 838 261 876 βουληθείησαν
275 840 342 875 ἡμῖν
364 835 465 869 ἀνοῖξαι
483 835 529 868 τὰς
549 835 645 872 ἀκοὰς,
660 835 704 864 καὶ
719 836 841 865 ἁπλῶσαι

69 884 117 918 τὴν
129 883 261 918 διάναιαν,
276 882 321 911 καὶ
338 881 461 915 δέξασθαι
476 881 510 911 τὰ
521 881 660 919 λεγόμενα.
675 882 718 910 Τὰ
731 882 778 920 μὲν
790 881 841 921 γὰρ

70 928 152 967 ἄλογα
168 931 318 967 μεταθεῖναι
331 930 377 963 τῆς
393 927 544 966 ἀκαθάρτου
560 927 696 966 διατριῧῆς
711 928 755 956 καὶ
772 929 841 956 ἀπα-

66 978 160 1014 γαγεῖν
174 976 220 1003 οὐκ
236 974 287 1003 ἔνι·
299 974 427 1011 λογισμοῦ
436 973 487 1012 γάρ
501 975 570 1002 ἐστιν
583 973 669 1012 ἔρημα
679 985 684 990 ’
696 974 725 1002 τὸ
737 974 763 1002 δὲ
777 976 841 1011 ἦμε-

71 1021 186 1060 ρώτατον
201 1023 277 1049 τοῦτο
287 1019 374 1058 γένος,
386 1019 431 1048 καὶ
450 1021 569 1059 λογισμῷ
588 1020 632 1048 καὶ
646 1019 716 1058 λόγῳ
728 1031 840 1058 τετιμη-

69 1066 222 1105 μένον,τὴν
249 1066 413 1105 ἀνθρωπείαν
435 1066 505 1104 λέγω
530 1066 617 1105 φύσιν,
639 1067 662 1094 εἰ
689 1065 841 1104 βουληθείη,

72 1113 162 1153 ῥᾴδιόν
177 1124 205 1141 τε
226 1112 272 1140 καὶ
287 1111 387 1150 σφόδρα
402 1110 507 1139 εὔκολον
531 1111 578 1139 καὶ
592 1115 636 1140 τοῦ
657 1111 782 1150 βορὸόρου
797 1111 841 1140 καὶ

69 1160 118 1192 τῆς
133 1157 278 1192 δυσωδίας,
292 1157 337 1186 καὶ
351 1158 398 1191 τῆς
420 1157 517 1196 κόπρου
540 1156 584 1185 καὶ
607 1159 654 1191 τῆς
680 1156 840 1196 βδελυγμίας

70 1203 221 1236 ἀπαλλάξαι
235 1202 342 1237 ἐκείνης.
358 1202 409 1231 Διὰ
433 1201 459 1230 τί
474 1202 524 1241 γὰρ
539 1204 552 1230 ὁ
566 1203 692 1237 πλοῦτος,
708 1202 841 1241 ἄνθρωπε,

69 1249 293 1289 περισπούδαστος
305 1243 372 1276 εἶναι’
386 1259 427 1276 σοι
442 1248 527 1283 δοκεῖ,
539 1248 592 1276 Διὰ
604 1247 651 1282 τὴν
665 1247 759 1283 ’ἡδονὴν
771 1248 841 1277 πάν-

70 1307 122 1328 τως
137 1295 183 1331 τὴν
199 1295 251 1323 ἀπὸ
267 1296 318 1323 τῶν
335 1295 483 1333 τραπεζῶν;
499 1293 542 1323 διὰ
557 1293 605 1328 τὴν
619 1294 709 1332 τιμὴν,
729 1294 773 1322 καὶ
794 1293 841 1329 τὴν

71 1341 225 1380 δορυφορίαν
247 1340 295 1375 τὴν
321 1340 374 1368 ἀπὸ
388 1341 439 1368 τῶν
457 1339 499 1368 διὰ
520 1343 610 1369 τοῦτον
626 1340 840 1379 θεραπευόντων,

71 1386 115 1415 διὰ
125 1385 155 1415 τὸ
167 1385 292 1414 δύνασθαι
302 1383 360 1417 τοὺς
370 1386 516 1418 λυποῦντας
529 1385 692 1424 ἀμύνασθαι,
707 1385 751 1414 καὶ
762 1390 842 1414 πᾶσιν

71 1428 138 1461 εἶναι
158 1431 283 1471 φοὸερόν;
297 1431 366 1460 Οὐδὲ
380 1430 431 1471 γὰρ
444 1431 478 1460 ἂν
501 1431 590 1471 ἑτέρας
613 1431 698 1465 αἰτίας
713 1431 782 1470 ἔχοις
808 1433 843 1460 εἰ·

70 1482 140 1515 πεῖν,
160 1478 219 1507 ἀλλ’
238 1476 255 1512 ἢ
271 1477 377 1513 ἡδονὴν,
394 1477 440 1506 καὶ
456 1476 608 1511 κολακείαν,
625 1477 670 1506 καὶ
685 1477 775 1516 φόόον,
797 1477 842 1505 καὶ

69 1523 212 1563 τιμωρίαν·
228 1523 285 1552 οὔτε
307 1523 358 1562 γὰρ
380 1523 537 1562 σοφώτερον,
552 1522 610 1552 οὔτε
625 1523 842 1562 σωφρονέστερον,

72 1569 131 1598 οὔτε
146 1568 348 1608 ἐπιεικέστερον,
361 1567 419 1596 οὔτε
431 1568 604 1608 συνετώτερον
619 1568 723 1601 πάντως
739 1570 752 1596 ὃ
765 1570 843 1597 πλοῦ-

72 1626 116 1647 τος
127 1618 209 1643 ποιεῖν
227 1613 325 1650 εἴωθεν,
338 1615 366 1643 οὐ
390 1613 517 1652 χρηστὸν,
539 1615 567 1642 οὒ
590 1613 782 1653 φιλάνθρωπον,
798 1616 844 1642 οὐκ

72 1662 152 1700 ὀργῆς
177 1659 329 1698 κρείττονα,
351 1660 379 1687 οὐ
403 1659 515 1697 γαστρὸς
541 1658 656 1697 ἀμείνω,
671 1661 720 1698 οὐχ
743 1659 842 1694 ἡδονῶν

73 1705 218 1744 ἀνώτερον
244 1706 272 1734 οὐ
296 1704 443 1744 μετριάζειν
463 1703 597 1740 παιδεύει,
618 1706 646 1733 οὐ
670 1705 842 1734 συνεστάλθαι

73 1751 208 1786 διδάσκει,
223 1752 270 1779 οὐκ
281 1751 346 1779 ἄλλο
361 1762 387 1778 τι
407 1749 485 1789 μέρος
505 1752 553 1785 τῆς
567 1751 661 1789 ἀρετῆς
682 1752 718 1784 εἰς
730 1750 778 1786 τὴν
793 1752 843 1790 ψυ-

72 1797 124 1836 χὴν
141 1796 240 1835 εἰσάγει
256 1796 301 1824 καὶ
325 1795 509 1835 καταφυτεύει.
533 1796 597 1824 Οὐδ’
621 1795 651 1824 ἂν
674 1796 743 1835 ἔχοις
761 1799 842 1825 εἰπεῖν

75 1842 118 1871 διὰ
131 1842 157 1871 τί
170 1842 268 1871 τούτων
284 1841 508 1881 περισπούδαστός
522 1841 578 1870 ε’στί
596 1853 636 1870 σοι
657 1842 702 1870 καὶ
726 1842 843 1875 ποθεινὸς

75 1883 159 1920 οὗτος.
177 1889 217 1917 Οὐ
232 1886 283 1927 γὰρ
298 1887 329 1922 δὴ
345 1887 422 1925 μόνον
437 1886 509 1915 οὐδὲν
523 1882 576 1915 οἶδε
597 1886 715 1926 φυτεύειν
729 1887 745 1922 ἢ
760 1900 843 1927 γεωρ-

73 1938 129 1973 γεῖν
142 1936 194 1962 τῶν
210 1934 326 1971 ἀγαθῶν,
339 1932 407 1961 ἀλλὰ
418 1932 465 1960 κᾶν
481 1932 643 1970 ἀποκείμενα
659 1933 735 1973 εὕρῃ,
748 1933 844 1971 λυμαί-

75 1990 147 2007 νεται
169 1978 214 2007 καὶ
239 1977 334 2006 κωλύει
357 1977 402 2006 καὶ
426 1977 621 2017 καταμαραίνει
631 1990 637 1996 ·
661 1978 717 2006 ἔνια
744 1978 771 2007 δὲ
799 1979 845 2007 καὶ

76 2025 183 2062 ἀνασπᾷ
193 2045 200 2059 ,
211 2022 255 2050 καὶ
265 2022 299 2051 τὰ
312 2022 416 2051 ἐναντία
426 2022 524 2051 τούτων
538 2023 673 2061 ἐπεισάγει
681 2045 690 2057 ,
701 2024 844 2052 ἀκολασίαν

76 2068 201 2107 ἄμετρον,
229 2067 308 2105 θυμὸν
334 2067 452 2107 ἄκαιρον,
477 2067 556 2107 ὀργὴν
586 2068 687 2104 ἄδικον,
712 2068 846 2104 ἀπόνοιαν,

76 2112 266 2153 ὑπερηφανίαν,
283 2112 379 2141 ἄνοιαν.
396 2112 474 2142 Ἀλλὰ
489 2112 525 2151 μὴ
543 2113 609 2142 εἴπω
625 2114 810 2152 περὶτούτων·
823 2116 846 2143 οἱ

76 2158 128 2198 γὰρ
139 2161 172 2198 τῇ
187 2159 254 2199 νόσῳ
269 2159 351 2198 ταύτῃ
363 2159 507 2192 ἑαλωκότες
521 2160 568 2187 οὐκ
577 2158 606 2187 ἂν
620 2159 776 2198 ἀνάσχοιντο
786 2161 846 2200 περὶ

78 2207 172 2244 ἀρετῆς
183 2205 228 2233 καὶ
243 2203 336 2236 κακίας
348 2203 498 2239 ἀκούοντες,
510 2206 557 2239 τῆς
575 2205 669 2239 ἡδονῆς
688 2205 759 2238 ὄντες
774 2205 844 2241 ὅλοι,

77 2251 123 2280 καὶ
136 2251 178 2280 διὰ
197 2253 273 2279 τοῦτο
287 2252 367 2285 αὐτ-’ῆς
380 2250 511 2289 γινόμενοι
527 2251 627 2286 δοῦλοι,
646 2251 845 2291 κατηγορουμέ-

78 2307 128 2325 νων
151 2297 237 2325 αὖτῶν
252 2298 317 2334 ὁμοῦ
341 2295 385 2324 καὶ
406 2296 586 2335 ἐλεγχομένων
600 2299 610 2310 ”
623 2297 694 2325 ἰδεῖν.
710 2296 782 2335 Φέρε
802 2291 846 2324 οῧν

79 2341 143 2374 τέως
157 2341 201 2371 τὸν
217 2341 276 2380 περὶ
299 2341 399 2369 τούτων
421 2341 497 2380 λόγον
522 2341 642 2380 ἀφέντες,
657 2342 691 2369 τὰ
710 2341 790 2370 λοιπὰ
813 2344 847 2375 εἷς

81 2386 159 2425 μέσον
175 2387 325 2426 ἀγάγωμεν,
341 2387 385 2416 καὶ
400 2386 506 2425 ἴδωμεν,
522 2387 546 2415 εἴ
559 2399 618 2416 τινα
629 2387 725 2422 ἡδονὴν
740 2390 753 2416 ὁ
767 2389 847 2416 πλοῦ-

80 2444 122 2466 τος
137 2434 207 2472 ἔχει,
225 2434 247 2463 εἴ
267 2445 326 2462 τινα
349 2433 444 2472 τιμήν·
457 2433 604 2462 τούναντίον
628 2433 678 2472 γὰρ
693 2434 761 2462 ἅπαν
785 2437 846 2474 ὁρῶ.

81 2479 135 2508 Καὶ
150 2480 172 2508 εἷ
194 2479 331 2518 βούλεσθε,
348 2481 450 2519 πρῶτον
466 2479 512 2512 τὰς
536 2480 666 2519 τραπέζας
691 2483 741 2509 τῶν
765 2482 844 2509 πλου-

119 2578 128 2588 ²
145 2569 226 2602 [eod.
240 2572 268 2595 C.
285 2577 308 2596 et
321 2571 396 2596 Saril.
412 2573 532 2596 omittunt
546 2573 617 2602 [Bam]

1538 165 1606 213 575)

893 241 1008 277 soeditas,
1023 248 1048 270 et
1066 252 1170 270 eti-inim
1186 241 1294 279 gravius
1309 241 1382 268 olens
1395 252 1400 266 :
1415 250 1475 268 nam
1493 240 1557 268 dnm
1579 240 1604 268 iu

894 287 943 316 lioe
954 287 1046 316 morbo
1058 294 1208 323 versantur,
1219 297 1346 323 magnum
1358 285 1418 314 inde
1426 297 1452 313 se
1461 286 1605 324 voluptatis

893 333 1010 361 fructum
1026 340 1161 372 reportare
1178 339 1272 372 putant
1285 345 1290 360 :
1302 331 1372 370 quod
1392 342 1442 359 non
1457 331 1491 359 :ul
1508 332 1542 359 rei
1560 343 1604 359 nn-

894 385 991 413 turam,
1009 378 1055 407 sed
1069 378 1102 407 ad
1116 385 1286 416 aegrotantem
1302 378 1422 405 animum
1439 376 1604 404 referendum

893 431 942 460 est,
961 435 1042 463 eaque
1057 435 1089 453 ex
1112 431 1186 464 parte
1201 424 1254 452 illis
1275 424 1376 452 ratione
1389 422 1526 451 destitutis
1545 430 1605 450 sunt

893 468 1046 499 deteriores.
1066 469 1300 505 Quemadmodum
1320 469 1402 507 igitur
1427 468 1452 496 in
1478 479 1553 496 emno
1576 480 1606 495 ae

893 522 1015 552 stercore,
1042 527 1093 544 non
1113 526 1215 544 coenum
1238 526 1269 543 ac
1284 522 1385 543 stercus
1407 514 1432 542 in
1453 524 1532 543 causa
1556 521 1605 547 est,

894 562 941 590 sed
953 562 1063 591 rationis
1072 561 1182 601 penuria
1196 561 1411 599 immergentium
1422 570 1477 588 sese
1486 560 1604 588 animan—

895 608 962 636 tium
976 620 981 635 :
994 608 1031 636 sie
1050 608 1129 636 etiam
1148 608 1182 635 ‹le
1199 607 1304 636 homine
1319 606 1483 635 ratiocinare

935 791 963 818 7.
984 790 1076 828 Ecqua
1087 791 1188 819 ratione
1198 790 1364 819 medebimur
1377 791 1445 819 hune
1456 791 1481 819 in
1496 791 1606 819 modum

895 835 1016 864 assertis?
1025 837 1053 865 Si
1064 836 1197 865 voluerint
1210 837 1286 865 nobis
1296 837 1442 876 patefacere
1451 847 1538 873 aures,
1551 837 1608 865 ani-

896 892 1024 919 mumque
1048 882 1174 921 pandere,
1195 890 1220 911 et
1244 883 1368 922 amplecti
1390 894 1449 921 qua:
1473 883 1608 911 dicuntur.

897 928 968 955 Nam
977 927 1124 956 animantes
1137 924 1246 966 quidem
1259 928 1367 956 rationis
1379 935 1499 967 expertes
1511 928 1545 956 ab
1557 929 1608 956 im-

896 984 962 1012 pura
981 974 1144 1003 volutatione
1163 975 1303 1003 transferre
1311 981 1335 1002 et
1347 974 1479 1003 abducere
1490 985 1540 1002 non
1552 985 1609 1013 pos-

895 1030 985 1048 sumus
999 1032 1004 1047 :
1020 1020 1130 1049 rationis
1155 1020 1226 1049 enim
1251 1027 1372 1059 expertes
1399 1027 1473 1055 sunt3
1497 1027 1524 1048 at
1548 1031 1610 1049 vero

895 1066 1140 1095 mansuetissimum
1155 1067 1205 1095 hoc
1221 1076 1312 1103 genus,
1332 1066 1507 1105 intelligentia
1522 1073 1547 1095 et
1567 1078 1609 1094 ra-

859 1114 876 1136 C
895 1111 966 1139 tione
981 1111 1192 1148 cohonestatum,
1216 1112 1371 1147 humanam,
1390 1112 1509 1150 inquam,
1529 1119 1609 1141 natu-

895 1167 962 1193 ram,
972 1157 993 1185 si
1003 1158 1079 1195 velit,
1091 1158 1167 1186 facile
1177 1165 1215 1186 est
1223 1158 1353 1196 valdeque
1360 1158 1527 1197 expeditum,
1537 1169 1610 1187 coeno

895 1208 920 1230 et
935 1203 1128 1240 graveolentia,
1139 1210 1253 1232 stercore
1264 1211 1289 1232 et
1300 1204 1419 1232 foeditate
1430 1204 1475 1232 illa
1488 1204 1609 1233 liberare.

896 1247 986 1281 Quare
997 1248 1077 1283 enim,
1088 1259 1103 1276 0
1113 1248 1203 1283 homo,
1215 1248 1318 1277 divitia:
1332 1249 1380 1277 tibi
1391 1259 1551 1288 magnopere
1563 1260 1610 1278 ex-

896 1293 1015 1332 petendae
1033 1294 1177 1323 videntur?
1194 1295 1305 1333 Propter
1319 1294 1484 1333 voluptatem
1500 1295 1609 1324 omnino

895 1349 954 1376 quae
967 1349 982 1367 e
996 1340 1094 1368 mensis
1106 1340 1248 1368 hauritur?
1264 1347 1373 1379 propter
1387 1340 1515 1369 honorem
1528 1348 1553 1370 et
1566 1352 1609 1370 co·
1622 1359 1649 1378 01.

1669 1264 1684 1284 Α
1691 1272 1702 1284 n
1723 1272 1762 1284 ex-

1667 1296 1764 1323 peta-mlxx·

1620 1327 1663 1347 ¹:int
1682 1328 1764 1347 dmin-2

1700 1358 1762 1378 mtu-

895 1384 1020 1413 mitatum
1029 1396 1131 1421 eorum,
1144 1385 1190 1423 qui
1201 1385 1359 1414 divitiarum
1373 1396 1450 1414 causa
1464 1393 1489 1414 te
1501 1387 1610 1415 colunt?
1623 1394 1699 1417 1‘12105·

895 1437 1003 1469 propter
1018 1437 1175 1470 potestatem
1188 1431 1334 1460 ulciscendi
1345 1432 1391 1469 qui
1406 1438 1430 1460 te
1442 1432 1611 1469 offenderint,

896 1483 921 1504 et
933 1483 962 1504 ut
974 1477 1100 1506 omnihus
1115 1477 1151 1506 sis
1162 1477 1276 1506 terrori?
1288 1479 1380 1516 Neque
1390 1477 1460 1506 enim
1471 1479 1537 1507 alias
1547 1490 1611 1507 eau—

897 1532 938 1550 sas
955 1522 1050 1550 afferre
1065 1523 1174 1562 poteris,
1192 1534 1273 1561 quam
1287 1523 1462 1562 voluptatem,
1477 1524 1612 1553 adulatio-

897 1578 968 1603 nem,
986 1575 1113 1597 terrorem
1127 1576 1151 1597 et
1167 1569 1295 1598 ultionem
1312 1581 1317 1596 :
1334 1580 1395 1598 nam
1406 1580 1490 1607 neque
1504 1570 1610 1609 sapien—

895 1613 1000 1649 tiorem,
1018 1625 1103 1653 neque
1117 1615 1362 1654 temperantiorem,
1376 1616 1611 1653 nequemitiorem,

896 1669 981 1697 neque
1011 1659 1210 1699 prudentiorem
1240 1660 1348 1689 omnino
1377 1661 1480 1689 divitiae
1508 1662 1612 1690 efficere

861 1712 880 1735 D
897 1705 994 1742 solent;
1011 1716 1063 1734 non
1077 1706 1234 1745 benignum,
1253 1717 1304 1735 non
1319 1707 1479 1744 humanum,
1496 1717 1547 1735 non
1565 1708 1611 1736 ira*

896 1757 1040 1790 potentem,
1062 1762 1114 1780 non
1131 1752 1219 1781 ventri
1239 1752 1426 1791 imperantem,
1453 1763 1504 1781 non
1530 1753 1611 1781 voln-

896 1796 1015 1835 ptatibus
1024 1797 1206 1836 superiorem;
1220 1808 1271 1826 non
1286 1797 1495 1826 moderationem
1505 1798 1610 1832 docent,

897 1852 950 1870 non
971 1842 1162 1879 humilitatem,
1185 1854 1236 1871 non
1260 1843 1381 1881 aliquam
1402 1843 1483 1871 aliam
1502 1843 1610 1871 virtutis

897 1895 1000 1927 partem
1015 1887 1041 1916 in
1055 1889 1175 1916 animum
1189 1889 1321 1917 inducunt
1335 1896 1358 1917 et
1374 1889 1502 1917 inserunt.
1519 1889 1612 1926 Neque

897 1932 987 1961 dicere
1013 1933 1124 1972 poteris,
1154 1934 1188 1962 ob
1217 1933 1345 1971 quidnam
1375 1944 1408 1961 ex
1437 1933 1493 1961 istis
1519 1944 1611 1961 earum

898 1977 964 2006 adeo
979 1978 1114 2007 studiosus
1128 1979 1164 2007 sis·
1179 1985 1204 2007 et
1226 1978 1350 2017 cupidus.
1371 1979 1440 2006 Nam
1456 1989 1508 2006 non
1530 1979 1611 2007 modo

899 2034 952 2052 non
971 2030 1069 2051 norunt
1088 2023 1207 2062 plantare
1227 2029 1274 2051 aut
1297 2033 1382 2051 serere
1399 2023 1548 2061 quidquam
1559 2024 1609 2054 bo-

900 2079 1006 2106 norum,
1031 2068 1076 2096 sed
1101 2068 1205 2097 etiamsi
1228 2068 1363 2097 recondita
1386 2068 1535 2104 inveniant,
1563 2081 1611 2098 va-

864 2124 882 2147 Ε
900 2121 980 2149 stant,
997 2113 1157 2153 impediunt,
1182 2121 1207 2143 et
1223 2121 1253 2143 ut
1275 2122 1453 2144 emarcescant
1471 2115 1610 2144 efficiunt:

899 2159 1023 2198 quaedam
1040 2160 1112 2188 enim
1133 2160 1262 2197 evellunt,
1289 2160 1373 2199 iisque
1388 2161 1519 2190 contraria
1533 2161 1611 2190 indu-

900 2213 974 2243 cunt,
984 2206 1080 2234 luxum
1091 2206 1309 2244 immoderatum,
1322 2207 1439 2235 furorem
1450 2207 1612 2247 intempesti-

900 2262 974 2288 vum,
995 2251 1061 2280 iram
1076 2251 1214 2291 injustam,
1232 2253 1423 2292 arrogantiam,
1445 2254 1609 2293 superbiam,

899 2296 1051 2325 amentiam.
1065 2297 1167 2326 Verum
1185 2296 1218 2325 de
1234 2296 1276 2325 his
1292 2307 1344 2325 non
1358 2297 1447 2326 dicam
1459 2310 1465 2325 2
1477 2299 1525 2336 qui
1540 2299 1613 2327 enim

899 2342 950 2370 hoc
964 2341 1057 2370 morbo
1069 2342 1183 2381 correpti
1197 2349 1269 2380 sunt,
1282 2353 1333 2371 non
1346 2343 1505 2371 sustinerent
1519 2343 1612 2372 audire

899 2387 933 2416 de
946 2388 1046 2417 virtute
1062 2394 1087 2416 et
1098 2388 1175 2425 vitio,
1189 2388 1211 2417 si
1222 2396 1409 2417 accusarentur
1423 2389 1504 2417 simul
1515 2396 1540 2417 et
1551 2400 1612 2418 con-

900 2433 1082 2470 vincerentur,
1094 2444 1155 2462 cum
1166 2433 1194 2462 in
1206 2434 1345 2473 voluptate
1359 2434 1407 2462 toti
1423 2434 1487 2471 sint,
1499 2434 1612 2472 ideoque

900 2481 956 2520 ejus
967 2479 1028 2508 sacti
1046 2480 1127 2508 servi.
1146 2481 1200 2518 Age
1214 2479 1298 2518 igitur
1311 2479 1391 2508 missa
1403 2479 1509 2507 interim
1524 2479 1558 2507 de
1571 2479 1612 2506 his
