1840 2839
750 188 886 211 lit'lS'roL
896 190 927 210 i-t.

78 248 210 287 ὀδυνηρὸν,
226 248 338 287 τοσούτῳ
353 247 560 288 κερδαλεώτερον
576 245 641 277 εἶναι
660 250 748 287 νόμιζε
762 252 840 290 εὐχα-

79 294 172 334 ρίστως
186 294 309 333 φερούσῃ.
325 295 364 322 Οὐ
380 294 431 334 γὰρ
446 294 476 329 δὴ
490 294 567 332 μόνον
580 296 729 333 σωματικαὶ
742 297 842 334 πληγαὶ

78 340 247 378 ἐπαγόμεναι,
261 339 378 368 ἀλλὰκαὶ
387 342 474 379 ψυχῆς
486 339 563 375 ὀδύνη
578 340 690 379 docimo<
701 341 772 381 ’,μέρει
785 343 842 373 τοὺς

77 385 231 424 στεφάνους,
253 385 297 413 καὶ
325 386 411 425 ψυχῆς
437 385 514 421 ὀδύνη
541 387 638 424 μᾶλλον
665 386 681 421 ἢ
704 387 842 424 σώματος,

76 431 137 459 ὅταν
158 433 181 460 ot
205 431 381 470 πληττόμενοι
404 431 516 472 φέρωσιν
535 433 706 472 εὐχαρίστως.
739 433 843 472 (Ὠσπερ

75 471 119 505 οὖν
132 477 154 504 εἴ
165 477 372 515 καταξαινομένη
385 478 414 507 τὸ
426 481 502 516 σῶμα
514 479 557 507 καὶ
572 479 779 518 μαστιγουμένη,
788 491 844 518 γεν-

75 521 154 555 ναίως
169 522 265 562 ἔφερες,
282 524 325 552 τὸν
340 524 408 552 (θεὸν
424 523 490 563 ὑπὲρ
505 523 602 553 τούτων
618 525 768 559 δοξάζουσα,
780 526 845 554 πολ-

1547 173 1618 211 (363

900 251 1018 289 ipsorum
1037 262 1115 279 causa
1140 251 1207 279 hanc
1231 251 1379 279 molestiam
1398 251 1552 290 susciperet,
1570 251 1619 278 lun:

899 307 1006 335 quoque
1030 297 1117 337 ipsum
1148 297 1190 325 liis
1214 297 1304 326 veihis
1329 297 1457 325 indicavit
1478 297 1617 325 :Placuit

901 344 982 370 uobis
996 353 1113 371 manere
1125 344 1203 372 solis.
1216 344 1239 370 ()
1251 343 1370 371 animum
1384 343 1409 371 in
1422 343 1507 382 ipsam
1521 343 1619 371 carita-

900 395 951 416 tem
974 389 1123 418 mutatum!
1145 390 1287 427 Postquam
1314 389 1383 417 emm
1408 389 1442 417 ab
1467 400 1518 417 uno
1537 390 1618 417 frati-e

898 434 1048 473 disjunctus
1061 442 1113 470 est,
1134 435 1218 463 solum
1235 447 1262 463 se
1276 446 1331 463 esst·
1343 435 1391 469 ait,
1408 435 1488 473 idque
1502 446 1562 463 cum
1580 443 1617 464 tot

898 480 965 508 alios
978 491 1066 508 secum
1079 481 1196 510 liaberet.
1210 482 1272 509 lla-c
1288 481 1370 518 igitur
1385 481 1440 520 ips-'i
1458 492 1564 519 quoque
1579 489 1616 509 te-

899 536 959 554 cum
984 533 1110 565 perpetuo
1135 527 1275 561 meditare,
1292 534 1315 555 et
1330 538 1383 565 quo
1404 538 1432 555 ea
1448 538 1488 555 res
1512 527 1615 555 crucia-

75 567 122 602 λὴν
136 568 165 596 ἂν
181 568 312 602 ἀπέλαὸες
323 569 370 604 τὴν
381 570 495 608 ἁμοιὸήν
506 582 511 587 ·
525 570 592 599 οὕτω
605 572 690 610 ψυχῆς
701 575 782 600 ταῦτα
794 583 845 600 πα·
862 579 879 601 E
899 578 956 599 tum
971 571 1020 599 tibi
1036 572 1163 610 nmjorcm
1178 573 1264 608 asti-rt,
1276 584 1305 600 eo
1319 573 1398 600 etiam
1415 584 1487 609 eam,
1502 573 1522 600 si
1539 580 1615 610 grato

897 616 987 644 animo
1008 617 1088 652 seras,
1105 618 1233 656 majorem
1263 619 1380 646 fructum
1403 619 1545 647 allaturam
1559 629 1615 646 esse

897 662 1030 690 existima.
1053 664 1110 691 Nou
1129 663 1200 691 enim
1220 675 1352 702 corpor-eze
1368 664 1509 692 dumtaxat
1526 665 1611 704 plaga}
1653 677 1765 699 pfflffln„

896 708 988 742 illatae,
1005 708 1051 736 sed
1064 708 1144 737 etiam
1159 709 1241 738 animi
1255 709 1332 738 dolor
1348 710 1419 738 omni
1436 721 1555 739 sermone
1567 722 1610 739 su-
1621 717 1711 730 ‘¹¹⁰¹‘⁰⁴'³·

75 614 189 653 σχούσης
205 617 249 643 ν’ῦν
266 615 365 648 πολλὰς
381 616 492 653 ἀνάμενε
508 615 555 649 τὰς
574 617 724 650 ἀντιδόσεις,
754 619 844 656 Προσ-

75 659 139 688 &dm
153 660 179 688 δὲ
196 661 240 689 καὶ
258 661 287 690 τὸ
299 661 404 695 πάντως
420 664 490 700 ἡμᾶς
507 663 615 701 ὄψεσθαι
636 663 725 698 πάλιν,
738 663 783 691 καὶ
797 665 845 698 τῆς

75 705 165 741 ὀδύνης
181 707 417 746 ἀπαλλαγήσεσθαι
431 707 542 743 ταύτης,
558 707 602 736 καὶ
615 709 661 743 νην
677 709 706 737 ἐκ
720 710 767 742 τῆς
781 708 842 737 ὀδύ-

74 763 120 787 νης
140 753 280 790 γενομένην
302 753 429 793 ἐμπορίαν
453 753 553 788 πολλὴν
574 754 770 792 ἀπολήψεσθαι,
798 754 842 783 καὶ

74 797 150 833 τότε,
167 799 210 827 καὶ
232 802 284 827 νῦν.
307 799 391 839 Ἀρκεῖ
412 799 495 828 ταῦτά
515 811 556 828 σοι
579 800 644 838 πρὸς
662 800 842 839 παραμυθίαν,

76 845 175 880 μᾶλλον
197 844 224 874 δὲ
243 846 302 884 οὐχὶ
326 845 366 874 σοὶ
389 845 475 883 μόνον,
492 845 560 874 ἀλλὰ
579 846 622 874 καὶ
639 846 662 874 εἴ
677 858 716 879 τις
733 846 842 881 ἀνόητος

76 889 115 925 εἴη
128 913 135 925 ,
150 890 194 918 καὶ
209 891 366 924 αὖτολίθινος
380 891 427 927 τὴν
439 892 537 931 ψυχήν.
547 891 636 921 “On-oo
649 892 675 920 δὲ
688 892 788 926 σύνεσις
800 904 842 921 το-
859 901 877 923 Λ

74 937 175 973 σαύτη,
198 938 242 966 καὶ
259 937 395 970 εὐλαὸείας
410 939 520 971 πλοῦτος
534 938 579 967 καὶ
601 938 751 978 φιλοσοφίας
771 939 843 978 ὕψος,

74 983 200 1023 καὶψυχὴ
214 986 265 1012 τῶν
282 986 412 1023 βιωτικῶν
429 984 477 1019 τὴν
491 984 636 1024 φαντασίαν
649 985 842 1020 καταπατήσα·

73 1042 121 1064 σα,
141 1030 237 1059 πλείων
251 1033 268 1065 ἡ
288 1030 392 1059 εὐκολία
410 1032 457 1065 τῆς
473 1031 620 1070 θεραπείας.
640 1030 729 1064 Δεῖξον
745 1031 775 1066 δὴ
794 1034 842 1060 κάν

72 1076 155 1115 τούτῳ
170 1076 217 1111 τὴν
239 1076 344 1114 ἀγάπην
359 1076 405 1112 τὴν
420 1077 481 1116 περὶ
496 1079 567 1114 ἡμᾶς
578 1099 585 1112 ,
606 1076 646 1105 ὅτι
662 1077 706 1105 καὶ
723 1077 841 1116 μεγάλην

72 1122 214 1161 γράφοντες
235 1121 328 1161 ἔχομεν
351 1122 424 1161 παρὰ
440 1123 479 1152 σοὶ
501 1122 622 1160 δύναμιν,
643 1123 688 1151 καὶ
703 1123 840 1158 τοσαύτην,

72 1166 134 1203 ὅσην
149 1168 282 1208 παρόντες.
296 1168 393 1202 Δείξεις
404 1168 429 1197 δὲ
444 1171 542 1208 σαφῶς,
556 1168 585 1196 ἂν
599 1169 734 1207 μάθωμεν,
747 1168 787 1197 ὅτι
800 1180 839 1197 σοι

72 1213 161 1252 γέγονέ
177 1225 201 1242 τι
218 1214 296 1243 πλέον
314 1215 366 1243 ἀπὸ
382 1216 433 1242 τῶν
449 1215 614 1253 γραμμάτων
628 1216 678 1242 τῶν
692 1214 838 1253 ἡμετέρων·

73 1261 171 1298 μᾶλλον
184 1259 211 1288 δὲ
226 1260 285 1299 οὐχὶ
299 1260 378 1289 πλέον
396 1260 483 1299 μόνον,
497 1260 565 1288 ἀλλὰ
578 1260 624 1289 καὶ
636 1263 770 1296 τοσοῦτον,
781 1259 840 1289 ὅσον

71 1307 258 1343 ἐπιθυμοῦμεν.
273 1305 470 1344 Ἰῧπιθυμοῢμεν
486 1306 512 1335 δὲ
525 1307 552 1334 ἐν
566 1309 599 1345 τῇ
615 1307 680 1344 αὐτῇ
697 1306 839 1345 εὐφροσύνῃ

72 1347 138 1381 εἶναί
150 1363 178 1380 σε
192 1355 245 1388 νῧν,
260 1353 286 1380 ἐν
300 1347 318 1390 ἦ
333 1352 377 1381 καὶ
392 1353 481 1382 αὐτόθι
495 1352 672 1392 διατρίῧοντες
685 1352 840 1389 ε’ὅλέπομεν.

72 1397 128 1427 Κᾶν
145 1400 221 1427 τοῦτο
238 1398 378 1436 μάθωμεν,
402 1400 430 1427 οὐ
452 1397 549 1438 μικρὰν
564 1398 608 1426 καὶ
630 1398 703 1427 αὐτοὶ
719 1400 765 1432 τῆς
780 1399 841 1437 ἐρη-
859 1406 874 1428 B

72 1443 141 1482 μίας,
157 1446 183 1473 ἐν
195 1440 213 1483 ’ᾗ
227 1447 269 1472 νῦν
286 1445 375 1483 ἐσμεν,
391 1444 586 1483 καρπωσόμεθα
600 1443 647 1479 τὴν
662 1443 840 1483 παράκλησιν.

70 1489 154 1519 Ὥστε
177 1491 200 1518 εἰ
221 1490 307 1528 βούλει
331 1490 375 1518 καὶ
397 1493 467 1528 ἡμᾶς
492 1491 519 1518 ἐν
544 1490 654 1530 εὐθυμία
674 1493 840 1526 καταστῆσαι

71 1534 171 1564 πλείονι
187 1531 254 1571 (οἶδα
269 1536 295 1564 δὲ
313 1536 353 1564 ὅτι
369 1536 464 1574 βούλει,
484 1535 529 1564 καὶ
541 1536 641 1576 σφόδρα
655 1536 839 1572 ἐσπούδακας),

72 1581 189 1616 δήλωσον
204 1581 245 1610 ὁ’τι
256 1582 343 1610 πάντα
360 1583 408 1616 τῆς
424 1582 536 1620 ἀθυμίας
550 1582 690 1617 ἀπήλασας
704 1583 747 1612 τὸν
763 1594 840 1620 φορυ-

71 1628 114 1656 τὸν
137 1627 181 1656 καὶ
200 1628 225 1656 ἐν
241 1628 341 1667 γαλήνῃ
357 1627 390 1656 τὰ
404 1627 438 1657 σὰ
450 1650 457 1663 ,
482 1628 527 1656 καὶ
543 1628 585 1660 δὸς
603 1631 667 1667 ἡμῖν
682 1629 780 1664 ταύτην
792 1631 840 1663 τ’ἦς

71 1673 132 1712 περὶ
145 1672 174 1702 σὲ
193 1673 292 1706 εὐνοίας
307 1674 351 1702 καὶ
366 1674 471 1713 ἀγάπης
486 1673 610 1712 ἀμοιὸήν.
626 1669 712 1703 Οἶσθα
725 1674 785 1714 γὰρ,
801 1670 839 1703 οῗ-

72 1722 121 1749 σΟα
147 1722 236 1759 σαφῶς
246 1743 254 1755 ,
292 1721 362 1753 ὅπως
392 1722 462 1758 ἡμᾶς
488 1720 623 1760 ἀνακτήσῃ
648 1720 838 1760 κατορθώσασα

71 1768 158 1802 τοῦτο,
174 1765 218 1795 καὶ
236 1765 302 1804 μετὰ
317 1766 439 1802 ἀληθείας
458 1765 599 1802 δηλώσασα
614 1765 657 1795 διὰ
673 1767 837 1806 γραμμάτων

72 1813 147 1849 ἡμῖν.

896 753 1033 782 blimiores
1046 765 1156 783 coronas
1170 755 1259 790 asseri,
1276 762 1299 783 et
1316 756 1424 793 quidem
1439 756 1521 785 animi
1535 756 1615 785 dolor

896 800 983 837 magis
1000 811 1081 838 quam
1098 801 1228 840 corpori5‚
1246 812 1307 829 cum
1323 801 1367 840 qui
1390 802 1533 839 feriuntur,
1552 814 1614 831 cum

897 846 1044 885 gratiarum
1070 846 1172 875 actione
1188 847 1285 876 serunt.
1303 847 1540 882 Quemadmodum
1558 849 1612 887 igi-

897 899 940 920 tur
968 892 988 920 si
1023 903 1134 932 corpore
1160 893 1274 921 lacerata
1306 893 1516 931 verberibusque
1549 905 1613 922 con-

897 938 962 975 cisa,
979 937 1040 966 sorti
1063 948 1093 966 ac
1114 948 1241 976 generoso
1267 938 1356 967 animo
1380 938 1407 967 id
1430 940 1527 975 serres,
1548 941 1613 968 Dei-

895 994 946 1021 que
965 983 1079 1021 gloriam
1100 983 1151 1013 lioc
1167 984 1274 1012 nomine
1293 984 1463 1024 praedicares,
1481 985 1614 1023 ingentem

896 1028 958 1057 hinc
982 1029 1130 1058 mercedem
1156 1030 1354 1068 conscquereris
1373 1042 1378 1058 :
1399 1030 1492 1059 eodem
1522 1031 1613 1069 modo,

894 1086 955 1103 cum
966 1075 1023 1104 haec
1033 1075 1139 1104 animus
1151 1082 1214 1104 tuus
1229 1076 1356 1115 patiatur,
1365 1087 1461 1115 magna
1474 1076 1537 1105 liine
1546 1088 1614 1117 pra:-

894 1121 948 1149 mia
982 1128 1117 1161 exspecta.
1148 1121 1296 1161 Exspectes
1326 1122 1409 1150 velim
1445 1122 1525 1150 etiam
1558 1123 1614 1152 sore

893 1167 1012 1203 omnino,
1022 1173 1051 1195 ut
1061 1177 1169 1195 rursum
1180 1178 1228 1195 nos
1240 1167 1342 1204 videas,
1356 1174 1436 1206 atque
1453 1168 1504 1197 hoe
1522 1168 1615 1197 dolore

893 1212 1031 1249 libereris,
1047 1212 1221 1251 amplumque
1236 1220 1260 1241 et
1278 1213 1387 1242 uberem
1412 1214 1492 1253 liujus
1514 1213 1614 1243 doloris

892 1265 1034 1296 quaestum,
1050 1265 1074 1286 et
1090 1258 1202 1297 posthac
1217 1265 1242 1287 et
1262 1269 1347 1295 nunc,
1366 1259 1509 1298 percipias.
1528 1262 1615 1298 Atque

893 1303 949 1332 liaec
971 1304 1019 1332 tibi
1043 1304 1079 1332 ad
1099 1304 1220 1333 moeroris
1244 1304 1367 1334 levamen
1389 1305 1614 1334 sufiiciunttimo

892 1361 955 1379 vero
977 1361 1029 1378 non
1054 1350 1104 1378 tibi
1126 1350 1280 1385 dumtaxat,
1296 1361 1390 1379 verum
1413 1351 1492 1380 etiam
1515 1352 1613 1387 cuivis,

893 1396 1040 1434 quamlibet
1058 1396 1161 1434 alioqui
1177 1396 1285 1426 vecordi
1299 1408 1331 1425 ac
1351 1408 1430 1425 saxea
1446 1405 1534 1426 mente
1546 1409 1614 1437 prae-

892 1442 958 1470 dito.
975 1444 1008 1470 At
1025 1442 1072 1471 uhi
1095 1449 1168 1471 tanta
1183 1442 1326 1482 prudentia
1342 1450 1391 1478 est,
1407 1450 1539 1482 tant-‘eque
1554 1444 1613 1484 pie-

893 1487 955 1516 tatis
967 1487 1079 1523 divitiae,
1088 1495 1196 1526 tamque
1206 1488 1331 1516 sublimis
1342 1488 1523 1528 philosophia,
1533 1497 1613 1528 atque

893 1533 999 1563 animus
1010 1545 1100 1562 rerum
1111 1534 1223 1573 hujusce
1233 1534 1295 1563 vitze
1306 1545 1433 1574 pompam
1444 1536 1612 1574 proculcans,

893 1579 950 1608 illic
971 1591 1077 1619 quoque
1096 1580 1202 1609 facilior
1223 1580 1335 1609 curandi
1360 1581 1447 1609 morbi
1472 1582 1540 1610 ratio
1561 1590 1610 1611 est.

893 1625 1026 1660 Quocirca
1040 1626 1067 1654 in
1082 1626 1133 1654 hoc
1150 1636 1257 1664 quoque
1276 1633 1351 1654 tuam
1373 1637 1436 1665 erga
1450 1637 1498 1655 nos
1511 1628 1610 1656 carita-

892 1678 946 1700 tem
958 1671 1077 1709 ostende,
1094 1671 1168 1710 quod
1191 1682 1316 1710 magnam
1326 1695 1333 1709 ‚
1348 1672 1429 1701 etiam
1453 1673 1610 1712 scribentes,

891 1717 966 1757 apud
980 1724 1005 1746 te
1019 1718 1206 1746 auctoritatem
1221 1717 1400 1753 obtineamus,
1414 1729 1463 1747 nec
1479 1719 1610 1748 minorem

892 1774 973 1802 quam
984 1763 1005 1792 si
1020 1770 1161 1803 praesentes
1175 1774 1302 1792 essemus.
1319 1763 1393 1792 Illud
1405 1771 1495 1792 autem
1508 1765 1610 1804 perspi-

891 1819 940 1837 cue
949 1808 1155 1845 demonstrabis,
1173 1809 1195 1837 si
1211 1809 1301 1837 literas
1316 1817 1420 1838 nostras
1431 1810 1535 1848 aliquid
1547 1822 1609 1849 pro-

891 1855 984 1883 fecisse
1006 1854 1202 1893 intelligamu5‚
1226 1866 1273 1883 nec
1295 1855 1399 1893 aliquid
1423 1862 1537 1891 tantum,
1561 1856 1608 1885 sed

892 1907 1024 1938 quantum
1046 1900 1180 1939 cupimus.
1193 1900 1323 1939 Cupimus
1344 1912 1424 1940 porro
1441 1908 1466 1930 te
1476 1902 1502 1930 in
1515 1902 1608 1931 eadem

892 1946 975 1974 animi
997 1945 1088 1974 laetitia
1104 1945 1216 1981 versari,
1234 1945 1261 1973 in
1275 1956 1327 1983 qua
1340 1953 1374 1980 te,
1390 1957 1451 1975 cum
1466 1947 1525 1976 istic
1539 1958 1606 1977 esse-

893 2002 964 2027 mus,
982 1991 1166 2019 cernebamus.
1191 1990 1271 2026 Quod
1289 1992 1311 2019 si
1326 1992 1398 2021 istud
1413 1993 1605 2032 intelligamus,

893 2037 966 2065 haud
982 2047 1095 2076 parvam
1110 2047 1158 2065 nos
1176 2047 1282 2075 quoque
1297 2038 1449 2068 solitudinis
1470 2039 1566 2079 hujus,
1580 2040 1606 2069 in

891 2094 943 2121 qua
958 2094 1028 2111 nunc
1049 2093 1156 2120 sumus,
1171 2083 1377 2113 consolationem
1392 2085 1535 2125 capiemus.
1554 2088 1607 2115 Ita-

891 2140 942 2168 que
953 2129 975 2158 si
984 2129 1034 2158 tibi
1045 2140 1092 2158 nos
1105 2130 1131 2158 in
1142 2129 1237 2169 majori
1245 2130 1327 2159 animi
1340 2132 1535 2170 tranquillitate
1544 2144 1606 2161 eon-

891 2175 1000 2204 stituere
1025 2174 1099 2204 cordi
1124 2182 1182 2213 est;
1205 2176 1260 2205 seio
1280 2183 1369 2205 autem
1392 2184 1418 2206 te
1438 2177 1467 2206 id
1489 2178 1558 2207 velle
1581 2186 1605 2207 et

891 2231 1051 2261 magnopere
1065 2231 1156 2250 curare
1167 2221 1252 2251 :illud
1263 2222 1305 2251 sac
1323 2222 1447 2259 sciamus,
1459 2230 1485 2252 te
1498 2235 1605 2253 omnem

891 2267 1012 2296 moeroris
1026 2267 1170 2296 colluviem
1185 2268 1233 2297 abs
1254 2275 1280 2297 te
1298 2269 1474 2305 submovisse,
1494 2277 1606 2309 tuasque

890 2324 930 2342 ies
947 2313 1091 2351 tranquillo
1112 2313 1138 2342 in
1154 2321 1225 2342 statu
1246 2325 1361 2343 essezac
1378 2315 1454 2343 nobis
1473 2315 1542 2344 hanc
1555 2327 1604 2344 no-

890 2367 951 2389 strae
965 2370 1027 2398 erga
1050 2366 1076 2388 te
1094 2360 1285 2389 benevolentiae
1309 2360 1458 2390 mercedem
1478 2362 1602 2400 repende.

889 2407 948 2435 Non
961 2405 1032 2434 enim
1044 2412 1070 2434 te
1082 2405 1162 2444 sugit,
1174 2416 1227 2434 non
1238 2406 1348 2444 inquam
1361 2407 1479 2446 profecto
1489 2414 1514 2435 te
1525 2408 1605 2445 fugit,

889 2459 1060 2492 quantopere,
1071 2452 1093 2481 si
1108 2452 1159 2480 hoc
1173 2452 1339 2491 praestiteri57
1352 2452 1386 2480 de
1400 2463 1482 2490 eoque
1497 2463 1543 2480 nos
1558 2463 1605 2491 per

889 2498 979 2527 literas
991 2498 1114 2528 certiores
1124 2498 1225 2535 seceris,
1235 2498 1356 2527 animum
1367 2505 1487 2527 nostrum
1499 2509 1602 2527 recrea-

890 2551 948 2573 tura
961 2555 1005 2573 sis.
