1843 2810
236 149 302 183 (302

236 223 395 259 apparebit.
419 224 443 251 Ο
463 223 592 262 passionis
612 224 794 264 splendorem!
820 236 836 254 o
860 225 946 253 crucis

235 267 366 305 fulgorem
380 267 387 297 l
403 268 442 296 sol
456 268 662 306 obscuratur‚ot
677 271 758 298 stellae
770 270 867 298 cadunt
879 270 948 298 sicut

237 313 310 349 folia,
325 323 391 341 crux
402 321 490 342 autem
502 315 626 343 omnibus
640 315 694 343 illis
711 316 808 343 clarius
823 315 947 353 refulget,

237 365 262 386 et
276 358 431 387 universum
448 360 542 388 caelum
561 368 682 399 occupat.
700 360 786 389 Vides
801 367 829 388 ut
846 371 875 388 ea
889 361 948 388 Do-

238 404 326 432 minus
347 405 496 442 glorietur?
516 405 592 434 vides
613 412 642 433 ut
662 415 718 433 rem
739 405 815 432 illam
836 405 951 443 gloriam

238 460 313 477 suam
329 460 384 478 esse
396 450 522 487 declaret,
536 461 596 479 cum
611 451 636 478 in
651 450 698 478 illo
711 450 755 477 die
768 450 817 478 toti
832 450 890 478 orbi
900 457 951 478 ter-

240 506 329 523 rarum
343 506 403 524 cum
416 503 487 524 tanto
502 496 575 524 illam
590 495 730 535 splendore
743 496 912 524 manifestet?

281 541 316 569 Et
327 548 354 569 tu
368 541 479 579 igitursi
496 541 602 580 quando
617 541 755 580 quospiam
767 540 866 569 videris
877 541 952 569 exiis

89 577 234 629 ‹ugxlmme-
242 598 301 625 quae
319 587 443 615 accidunt
456 586 641 623 scandalizari,
660 586 778 626 primum
793 586 901 624 quidem
916 586 951 614 il-

90 640 208 660 uuluatcm
242 632 289 661 lud
303 633 398 669 cogita,
409 644 460 661 uon
476 632 547 669 inde,
562 632 607 661 sed
619 644 634 660 a
646 632 755 671 propria
768 632 887 671 ipsorum
899 632 952 660 im-

91 671 234 725 ζζώῖἰζηζῖῗε
242 678 385 708 becillitate
398 678 521 708 scandala
536 678 693 718 provenire:
711 677 739 705 id
751 677 822 715 quod
834 677 953 706 indicant

91 731 117 751 ad
157 731 232 752 recle
242 723 290 759 illi,
311 725 358 762 qui
371 725 439 753 nihil
461 725 514 753 tale
529 724 677 764 patiuntur.
694 723 799 751 Deinde
815 723 953 752 considera

91 769 160 812 ἰᾚῖε
163 763 233 783 ‹hma-
242 769 339 798 multos
359 771 517 800 illustriores
530 770 590 799 inde
600 769 718 798 redditos
731 780 796 803 esse,
807 769 853 807 qui
864 770 953 798 Deum

239 815 401 853 glorificant,
411 817 487 855 eique
498 826 601 845 summo
613 814 701 844 studio
711 825 758 854 pro
773 814 816 842 his
827 815 952 843 omnibus

238 863 337 899 gratias
347 870 439 901 agunt.
452 863 514 892 Noli
526 873 588 901 ergo
597 872 648 895 eos,
659 862 706 900 qui
716 861 864 890 labefactati
877 867 950 898 sunt,

238 916 366 946 spectare,
384 909 430 937 sed
454 920 498 938 eos
517 909 564 948 qui
585 908 692 937 stabiles
708 913 909 947 permanserunt
927 913 951 934 et

238 953 398 989 immobiles,
418 965 501 992 eaque
512 954 613 983 ratione
624 953 784 982 robustiores
796 958 948 980 evaserunt:

239 1007 290 1026 uon
298 1009 340 1027 eos
349 1000 393 1037 qui
405 1001 555 1028 conturbati
564 1006 635 1034 sunt,
647 998 691 1027 sed
697 1009 740 1027 eos
747 998 794 1036 qui
803 997 950 1025 secundum

238 1044 416 1082 navigationis
431 1056 538 1073 cursum
551 1050 699 1080 tenuerunt,
714 1043 853 1080 multoque
862 1043 950 1081 plures

239 1096 300 1117 sunt
316 1090 377 1124 illis,
393 1091 439 1128 qui
460 1091 533 1119 fuere
547 1090 672 1129 perversi.
689 1091 810 1117 Attamen
825 1089 950 1126 quamvis

88 1141 229 1163 Eccl1.16.3.
241 1134 279 1161 illi
293 1135 383 1173 pluies
398 1143 490 1172 essent,
503 1136 598 1164 melior
611 1142 649 1163 est
664 1145 741 1169 unus,
755 1133 802 1172 qui
819 1133 882 1161 saeit
898 1144 951 1163 ιο-

89 1179 368 1208 CAp.X1X.luntat01u
382 1181 499 1218 Domini,
512 1192 592 1220 quam
602 1180 676 1209 mille
687 1179 911 1219 praexaricatores.

89 1217 167 1267 ,ΟΓῙΠῘΞῘ
175 1217 231 1267 ΞΞΙῙ
278 1226 376 1255 Veniat
389 1227 459 1255 tibi
453 1237 480 1255 m
496 1234 618 1263 mentem,
630 1233 693 1264 quot
710 1232 841 1264 martyres
852 1224 920 1253 suet
913 1231 951 1253 1nt

88 1284 160 1306 :yrum
196 1280 363 1299 in-coronam
386 1272 484 1311 adepti.
511 1273 578 1301 Nam
601 1271 645 1300 alii
664 1271 774 1309 quidem
795 1270 951 1298 verberibus

87 1313 229 1366 δὲιξὲῐζίῗηῗσ
238 1316 296 1344 caesi
307 1324 377 1353 sunt,
391 1325 415 1346 ct
432 1319 458 1346 in
474 1329 606 1346 narcetem
622 1317 743 1356 conjecti,
758 1316 804 1344 alii
817 1316 950 1355 compedi-

87 1369 153 1390 tuisse
183 1340 432 1400 simbustamqiiam
440 1364 621 1391 malefictores
629 1363 724 1398 vincti,
740 1361 784 1389 alii
796 1361 950 1400 paniapul-

86 1408 150 1456 2¹3
168 1404 228 1454 *³⁵:3¹
238 1406 259 1433 si
273 1414 344 1443 suut,
362 1408 407 1435 alii
424 1418 499 1436 suam
516 1408 692 1436 substantiam
705 1406 891 1445 perdider,uut
903 1406 949 1434 alii

86 1470 134 1483 cum
156 1472 226 1485 ,um-0
237 1462 346 1490 percgle
361 1460 422 1481 suut
441 1454 559 1492 lelegati,
576 1453 622 1481 alii
639 1452 769 1480 interemti
789 1457 861 1485 snut
882 1451 947 1489 qui-

86 1499 170 1515 ¹‘¹·¹¹¹'¹f
235 1496 299 1524 dam
317 1508 343 1525 ιο
359 1497 426 1536 ipsa,
442 1498 553 1536 quidam
568 1497 779 1526 solaxoluntate.
793 1498 861 1526 Cum
875 1497 946 1525 euim

234 1542 329 1570 lancem
355 1543 555 1582 expedirentur,
583 1550 740 1571 aeut-rentur
764 1554 848 1578 enses,
867 1542 945 1571 minae

234 1587 348 1626 singulis
360 1588 454 1617 diebus
469 1589 672 1624 intentarentur,
686 1595 710 1616 et
720 1588 765 1626 qui
776 1588 946 1626 magistratus

234 1633 369 1671 gerebant,
384 1633 451 1662 iram
465 1634 606 1673 spirarent,
628 1633 712 1661 cat-des
735 1633 901 1661 minarentur
921 1639 947 1661 et

234 1688 328 1716 genera
353 1679 546 1718 suppliciorum
568 1679 716 1714 innumera,
737 1678 846 1706 minime
860 1689 944 1706 cesse-

234 1730 305 1760 runty
321 1735 404 1762 neque
418 1725 626 1759 succubuerunt,
639 1724 685 1752 sed
701 1724 727 1752 iu
740 1735 806 1762 rupe
820 1730 946 1752 steterunt

233 1770 394 1805 immobiles,
410 1777 435 1798 et
455 1771 543 1799 onmia
559 1771 643 1798 facere
659 1769 766 1808 patique
781 1770 944 1806 maluerunt,

234 1826 313 1852 quam
331 1822 359 1843 ut
375 1816 400 1844 in
416 1818 577 1844 consortium
589 1815 706 1844 venerint
722 1825 814 1842 eorum
831 1814 946 1852 quisce-

234 1860 289 1888 lera
304 1867 375 1889 tanta
386 1867 566 1900 patraverant,
586 1870 670 1897 neque
682 1859 734 1888 viri
751 1859 847 1896 solum,
862 1859 907 1887 sed
921 1866 946 1887 et

235 1906 366 1934 mulieres.
379 1907 447 1934 Nam
458 1912 482 1934 et
493 1905 616 1934 mulieres
627 1905 678 1933 hoc
692 1904 792 1933 inivere
806 1911 945 1941 certamen,

234 1958 258 1979 et
268 1951 384 1990 amplius
396 1961 464 1990 saepe
471 1961 552 1988 quam
562 1950 612 1979 viri
627 1960 653 1978 se
665 1949 779 1978 viriliter
792 1949 947 1987 fortiterque

235 2004 381 2034 gesserunt.
398 1997 490 2034 Neque
510 1996 633 2024 mulieres
647 2002 761 2031 tantum,
775 1995 821 2023 sed
843 2002 868 2023 et
881 1994 947 2023 ado-

235 2041 370 2078 lescentes,
386 2049 411 2070 ct
434 2041 579 2070 admodum
592 2043 714 2081 juvenes.
734 2043 773 2069 An
792 2040 874 2079 igitur
890 2040 946 2069 haze

234 2086 326 2124 exigui
340 2094 402 2115 sunt
414 2087 539 2115 momenti
555 2094 592 2115 tot
607 2094 756 2126 martyrum
771 2093 872 2114 turmas
890 2086 947 2114 Ec-

235 2132 341 2160 clesiam
360 2132 541 2160 lucrifecissc?
567 2132 636 2160 Sunt
656 2132 726 2160 enim
749 2138 881 2170 martyres
901 2131 946 2160 isti

236 2187 334 2205 omues.
352 2177 527 2214 Neque'euim
548 2177 589 2205 illi
600 2177 686 2205 solum
702 2176 748 2214 qui
767 2175 945 2215 adjudicium

236 2229 297 2250 sunt
310 2221 433 2256 adducti,
447 2229 472 2250 et
487 2222 637 2250 sacrificare
648 2221 725 2261 jussi,
743 2231 828 2258 neque
845 2232 945 2260 parue—

237 2273 308 2303 runt,
324 2267 385 2305 quia
396 2267 467 2306 passi
481 2274 542 2295 sunt
557 2278 586 2295 ea
600 2277 658 2305 quae
670 2273 732 2295 sunt
747 2266 827 2306 passi,
840 2274 942 2306 marty-

234 2323 276 2340 res
288 2312 467 2341 suntvoeandi
479 2312 623 2341 :sedetiam
637 2313 677 2340 illi
687 2312 774 2350 quioh
786 2318 944 2350 kmquam-

232 2357 284 2394 vis,
301 2369 359 2396 quae
373 2359 428 2386 Deo
442 2358 565 2396 placeret,
578 2358 679 2395 aliquid
696 2358 750 2396 pati
760 2358 831 2386 ultro
846 2359 941 2388 volue-

230 2411 306 2441 runt;
322 2411 347 2432 et
361 2404 382 2432 si
398 2404 458 2442 quis
479 2414 533 2432 rem
550 2403 692 2442 diligenter
703 2404 940 2438 examinaverit‚hi

229 2457 291 2478 sunt
305 2450 393 2488 potius
403 2460 483 2487 quam
497 2449 545 2477 illi.
559 2450 615 2478 Non
626 2449 696 2476 enim
708 2449 817 2486 :equalis
833 2456 871 2477 est
881 2460 939 2478 me-

228 2495 283 2529 riti,
302 2505 363 2523 cum
378 2494 509 2534 ejusmodi
523 2493 645 2522 interitus
663 2500 687 2522 et
702 2493 831 2532 pernicies
845 2495 940 2523 animae

227 2540 261 2568 sit
274 2540 420 2579 proposita,
434 2546 586 2569 contentum
595 2549 650 2568 esse
661 2538 764 2576 aliquid
775 2539 839 2578 pati,
852 2546 877 2568 et
888 2550 939 2568 non

78 545 230 567 maxvm.

971 551 989 574 E

961 932 998 950 505

970 959 989 981 A

966 1598 982 1620 B

966 2096 983 2119 C

574 163 602 185 S.
631 163 771 187 JOANMS
797 164 976 187 cnm'sos'r.
1007 165 1158 188 ARCHIEP.
1186 165 1453 189 CONSTANTINOP.

1001 225 1104 254 ἐκείνων
1129 227 1266 266 φανότερον
1301 228 1461 266 διαλάμπει,
1487 228 1546 257 ὅλον
1577 228 1694 268 κατέχων
1723 230 1767 258 τὸν

1003 270 1119 309 οὐρανόν.
1133 270 1214 310 ςΟρδγίς
1229 275 1283 305 πῶς
1298 274 1522 311 ἐγκαλλωπίζεται
1540 273 1621 312 τούτῳ
1634 276 1647 302 ὃ
1666 275 1768 303 Δεσπό-

1004 327 1065 351 της;
1079 319 1134 349 πῶς
1148 316 1222 349 δόξαν
1239 321 1316 347 αὐτοῦ
1338 319 1367 347 τὸ
1382 324 1492 358 πρᾶγμα
1506 319 1533 347 δν
1548 319 1694 358 ἀποφαίνει,
1707 319 1768 348 ὅταν

1005 363 1031 390 ἐν
1046 362 1131 401 ἐκείνῃ
1144 362 1246 401 δεικνύῃ
1261 364 1335 392 αὐτὸν
1347 366 1378 402 τῇ
1391 365 1478 405 ἡμέρα
1489 367 1521 403 τῇ
1541 363 1679 403 οἰκουμένῃ
1697 365 1769 404 πάσῃ

1007 407 1074 445 μετὰ
1088 408 1214 442 τοσαύτης
1227 409 1408 446 λαμπηδόνος,

1047 541 1100 569 Καὶ
1120 540 1150 569 σὺ
1165 541 1263 577 τοίνυν,
1281 541 1343 570 ὅταν
1358 542 1413 581 ἴδῃς
1426 542 1498 575 τινὰς
1517 544 1568 573 ἀπὸ
1585 545 1637 572 τῶν
1653 543 1772 581 συμὸάν-

1007 598 1058 615 των
1081 588 1337 625 σκανδαλιζομένους,
1360 591 1462 628 πρῶτον
1487 589 1532 627 μὲν
1558 591 1639 618 ἐκεῖνο
1659 590 1771 627 λογίζου,

1007 633 1046 661 ὅτι
1060 634 1106 662 οὐκ
1121 635 1245 668 ἐντεῦθεν,
1262 635 1319 662 ἀλλ’
1335 634 1387 663 ἀπὸ
1403 637 1450 669 τῆς
1470 634 1565 667 οἰκείας
1584 635 1716 668 ἀσθενείας
1738 636 1771 664 τὰ

1008 679 1142 708 σκάνδαλα
1150 691 1155 696 ·
1165 679 1209 707 καὶ
1220 680 1340 713 δηλοῦσιν
1351 682 1373 708 οἱ
1381 683 1457 708 τοῦτο
1469 680 1505 718 μὴ
1515 680 1649 712 παθόντες.
1657 680 1771 709 Ἔπειτα

1008 725 1115 759 σκόπει,
1132 726 1170 753 ὅτι
1187 725 1279 754 πολλοὶ
1293 725 1337 754 καὶ
1352 725 1498 764 δικ-ἔλαμψαν
1513 728 1626 755 ἐντεῦθεν
1640 726 1772 763 μειζόνως,

1006 770 1049 798 τὸν
1065 770 1133 799 Θεὸν
1150 769 1209 802 δοξά

1007 816 1120 850 σπουδῆς
1144 817 1214 854 αὐτῷ
1229 816 1272 843 καὶ
1287 815 1330 844 ἐπὶ
1345 815 1456 848 τούτοις.
1478 818 1578 844 Οὐκοῦν
1597 815 1633 853 μὴ
1651 815 1710 848 τοὺς
1723 827 1772 844 σα-

1005 861 1158 898 λευομένους
1186 861 1234 900 ὅρα
1244 883 1252 896 ,
1277 861 1345 889 ἀλλὰ
1369 861 1414 889 καὶ
1441 860 1500 894 τοὺς
1519 861 1620 900 παγίως
1646 863 1772 898 ἑστῶτας,

1006 905 1051 934 καὶ
1066 906 1202 941 ἀκινήτους
1214 905 1346 944 μένοντας,
1358 906 1402 934 καὶ
1413 906 1495 945 ταύτῃ
1511 906 1691 945 ἰσχυροτέρους
1705 918 1773 945 γινο-

1141 951 1177 988 μὴ
1199 951 1258 983 τοὺς
1283 951 1500 1006 θορυὸουμένους,
1522 951 1590 980 ἀλλὰ
1605 952 1650 980 καὶ
1665 952 1723 985 τοὺς
1745 952 1772 980 ἐἶ

1213 771 1296 802 ζοντες
1311 770 1356 798 καὶ
1371 771 1437 808 μετὰ
1457 771 1543 806 πάσης
1561 773 1773 809 εὐχαριστοῦντες

1008 951 1097 989 μένους
1114 962 1120 968 ·

1007 997 1098 1035 οὖρίων
1120 996 1262 1031 πλέοντας,
1278 1008 1323 1024 και
1337 997 1427 1035 πολλῷ
1441 997 1543 1029 πλείους
1564 997 1637 1030 ὄντας
1653 999 1704 1025 τῶν
1720 1009 1773 1025 πα-

1760 972 1772 985 5

1008 1041 1180 1081 ρασυρέντων.
1197 1043 1230 1070 Ει
1251 1041 1277 1070 δὲ
1299 1042 1344 1069 καὶ
1364 1042 1466 1073 πὶείους
1482 1044 1549 1076 ἦσαν
1565 1043 1656 1070 ἐκεῖνοι
1664 1042 1772 1080 ,κρείτ-

1006 1100 1058 1116 των
1082 1091 1117 1120 εἱς
1141 1089 1222 1116 ποιῶν
1241 1087 1270 1115 τὸ
1294 1087 1397 1125 θέλημα
1410 1086 1517 1126 Κυρίου,
1539 1086 1557 1123 ἢ
1580 1087 1668 1126 μύριοι
1685 1088 1773 1128 παρά-

1006 1145 1090 1171 νομοι.

1046 1226 1186 1262 Ἐννόησον
1210 1226 1265 1255 ὅσοι
1289 1226 1333 1255 καὶ
1357 1225 1498 1266 μαρτυρίου
1525 1226 1649 1265 στέφανον
1675 1226 1770 1260 ἀνεδή-

1005 1283 1092 1300 σαντο.
1109 1274 1143 1300 Οἱ
1161 1271 1206 1309 μὲν
1221 1271 1272 1310 γὰρ
1289 1272 1520 1309 ἕμαστιγώθησαν,
1537 1274 1561 1300 οἱ
1577 1271 1603 1300 δὲ
1619 1274 1654 1304 εἰς
1666 1272 1771 1309 δεσμω-

1004 1317 1093 1356 τήριον
1121 1317 1313 1352 {veel-mmm,
1339 1319 1362 1345 οἱ
1387 1317 1412 1345 δὲ
1442 1318 1546 1350 ἁλύσεις
1569 1320 1605 1350 ὣς
1630 1320 1771 1356 κακοῦργοι

1003 1362 1178 1400 περιέκειντο,
1198 1364 1222 1390 οἱ
1244 1362 1270 1391 δὲ
1292 1362 1415 1400 πατρίδος
1436 1362 1565 1397 ἐξέπεσον,
1587 1364 1610 1390 οἳ
1628 1362 1655 1390 δὲ
1680 1362 1769 1390 οὐσίαν

1004 1408 1151 1441 ἀπέέῗαλον,
1170 1408 1193 1436 οἷ
1209 1407 1235 1436 δὲ
1256 1408 1319 1447 πρὸς
1340 1407 1387 1442 τὴν
1404 1408 1544 1446 ὑπερορίαν
1560 1407 1770 1447 μετῳκίσθησαν,

1002 1454 1025 1481 οἱ
1041 1452 1066 1480 δὲ
1081 1453 1245 1491 ἐσφάγησαν,
1257 1455 1280 1481 οἱ
1294 1452 1340 1490 μὲν
1352 1452 1397 1480 καὶ
1411 1455 1443 1491 τῇ
1458 1453 1550 1493 πείρα,
1564 1455 1587 1481 οἱ
1602 1454 1628 1481 δὲ
1645 1453 1689 1481 καὶ
1702 1453 1768 1491 μόνῃ

1001 1500 1033 1536 τῇ
1050 1497 1154 1536 γνώμῃ.
1174 1498 1225 1527 Καὶ
1246 1497 1295 1536 γὰρ
1311 1498 1426 1536 δοράτων
1447 1498 1648 1536 γυμνουμένων,
1665 1499 1710 1527 καὶ
1731 1500 1771 1532 ξι-

1002 1545 1054 1581 φῶν
1069 1543 1251 1580 ἠκονημένιιη,
1272 1543 1316 1571 καὶ
1331 1543 1444 1571 ἀπειλῶν
1460 1545 1518 1571 καθ’
1535 1543 1648 1577 ἑκάστην
1667 1544 1770 1584 ἡμέραν

1001 1589 1156 1626 γινομένων,
1177 1588 1221 1616 καὶ
1236 1590 1287 1616 τῶν
1308 1589 1334 1615 ἐν
1355 1589 1449 1626 ἀρχαῖς
1465 1590 1546 1625 θυμοῦ
1561 1588 1690 1617 πνεόντων
1701 1612 1707 1623 ,
1725 1590 1771 1618 καὶ

1001 1634 1083 1672 φόνων
1099 1632 1352 1670 ἐπανατεινομένων,
1367 1633 1411 1661 καὶ
1428 1633 1526 1671 μυρίων
1541 1634 1616 1661 εἱδῶν
1636 1634 1769 1663 κολάσεων

1000 1680 1045 1707 καὶ
1059 1681 1205 1718 τιμιι>ριῶν,
1219 1680 1265 1707 οὐκ
1285 1674 1368 1713 εἶξαν,
1381 1678 1438 1707 οὐδὲ
1457 1679 1597 1714 ἐνέδωκαν,
1614 1680 1671 1707 ἀλλ’
1688 1680 1769 1715 ἔστη-

1001 1736 1049 1752 σαν
1071 1725 1114 1752 ἐπὶ
1136 1727 1182 1758 τῆς
1206 1723 1304 1762 πέτρας
1327 1723 1456 1757 ἀκίνητοι,
1481 1724 1567 1752 πάντα
1592 1725 1636 1752 καὶ
1659 1728 1769 1760 ποιῆσαι

1001 1771 1045 1798 καὶ
1059 1773 1150 1798 παθεῖν
1170 1769 1332 1809 αἱρούμενοι,
1351 1768 1419 1797 ὥστε
1433 1769 1469 1806 μὴ
1484 1772 1640 1804 κοινωνῆσαι
1661 1773 1693 1809 τῇ
1713 1784 1765 1800 πα-

1003 1816 1113 1854 ρανομίᾳ
1133 1817 1184 1843 τῶν
1198 1815 1231 1842 τὰ
1251 1818 1359 1842 τοιαῦτα
1383 1815 1596 1852 τετολμηκότων,
1611 1818 1657 1844 οὐκ
1678 1817 1769 1857 ἄνδρες

1001 1861 1027 1889 δὲ
1048 1861 1137 1898 μόνον,
1152 1859 1217 1888 ἀλλὰ
1232 1860 1276 1888 καὶ
1295 1864 1422 1898 γυναῖκες.
1446 1860 1497 1888 Καὶ
1519 1861 1570 1899 γὰρ
1584 1861 1628 1889 καὶ
1649 1867 1768 1899 γυναῖκες

1001 1906 1065 1945 πρὸς
1076 1906 1120 1934 τὸν
1136 1907 1224 1943 ἀγῶνα
1239 1904 1401 1933 ἀπεδύσαντο
1416 1909 1515 1940 τοῦτον,
1531 1906 1574 1933 καὶ
1591 1907 1689 1944 ἀνδρῶν
1705 1909 1768 1936 πολ-

1001 1954 1084 1991 λαχοῦ
1106 1953 1204 1990 μᾶλλον
1227 1951 1390 1989 ἦνδρίσαντο.
1418 1952 1458 1980 Οὐ
1483 1955 1603 1989 γυναῖκες
1628 1953 1654 1980 δὲ
1680 1953 1767 1990 μόνον,

1002 1998 1069 2026 ἀλλα
1085 1998 1129 2026 καὶ
1145 1997 1197 2025 νέοι
1215 2008 1259 2024 και
1276 1996 1398 2034 μειράκια
1413 1997 1517 2035 κομιδῇ.
1533 1998 1615 2026 Ταῦτ’
1630 1994 1687 2033 oliv,
1711 1998 1768 2027 εἶπέ

1003 2055 1060 2081 μοι,
1076 2042 1172 2081 μικρὰ,
1189 2044 1310 2070 τοσοῦτον
1327 2042 1408 2078 δῆμον
1425 2041 1568 2097 μαρτύρων
1583 2043 1706 2081 κερδᾶναι
1719 2043 1766 2079 τὴν

1001 2089 1179 2123 Ἐκκλησίαν,
1196 2087 1333 2126 Μάρτυρες
1355 2086 1405 2126 γὰρ
1421 2086 1532 2120 ἅπαντες
1555 2090 1695 2116 οὗτοι.οὐ
1717 2088 1768 2127 γὰρ

1002 2134 1033 2169 δὴ
1050 2134 1126 2171 μόνον
1142 2135 1234 2162 ἐκεῖνοι
1247 2134 1270 2160 οἱ
1291 2133 1325 2164 εἷς
1348 2132 1513 2170 δικαστήριον
1528 2132 1706 2167 ἑλκυσθέντες,
1721 2134 1767 2161 καὶ

1002 2182 1078 2208 θῦσαι
1104 2177 1295 2213 κελευσθέντες,
1320 2177 1364 2205 καὶ
1392 2177 1428 2215 μὴ
1455 2177 1616 2213 πεισθέντες,
1641 2177 1766 2210 παθόντες

1002 2225 1068 2263 ἅπερ
1093 2224 1202 2259 ἔπαθον,
1224 2223 1352 2262 μάρτυρες
1376 2223 1405 2251 ἂν
1430 2218 1498 2251 εἶεν·
1513 2222 1579 2251 ἀλλὰ
1602 2225 1717 2252 κάκεῖνοι
1742 2225 1765 2252 οἱ

1002 2270 1068 2309 ὑπὲρ
1086 2272 1187 2299 ὁτουοῦν
1202 2271 1253 2297 τῶν
1278 2270 1315 2307 τῷ
1333 2269 1394 2306 Θεῷ
1409 2267 1549 2296 δοκούντων
1564 2270 1654 2296 παθεῖν
1669 2280 1694 2296 τι
1717 2280 1765 2297 κα-

999 2316 1167 2353 ταδεξάμενοι
1180 2326 1185 2332 ·
1202 2313 1246 2342 καὶ
1270 2313 1293 2342 εἴ
1311 2325 1350 2345 τις
1365 2312 1432 2350 μετὰ
1451 2312 1586 2352 ἀκριὸείας
1610 2312 1763 2350 ἐξετάσειεν,

999 2357 1069 2389 οὗτοι
1085 2361 1197 2399 μᾶλλον,
1211 2359 1228 2393 ἢ
1244 2360 1344 2387 ἐκεῖνοι.
1365 2359 1404 2386 Οὐ
1422 2358 1472 2396 γάρ
1493 2359 1562 2386 ἐστιν
1583 2357 1638 2386 ἴσον
1657 2358 1762 2398 ὀλέθρου

997 2406 1113 2435 τοιούτου
1129 2404 1173 2434 καὶ
1188 2403 1319 2434 ἀπωλείας
1333 2404 1419 2441 ψυχῆς
1435 2402 1634 2442 προτεινομένης
1648 2403 1762 2432 καταδέ-

998 2450 1088 2484 ξασθαι
1110 2452 1200 2478 παθεῖν
1217 2460 1242 2477 τι
1264 2447 1309 2476 καὶ
1334 2447 1370 2484 μὴ
1397 2447 1604 2486 παραπολέσθαι,
1628 2447 1673 2475 καὶ
1696 2447 1761 2486 ὑπὲρ

996 2496 1132 2527 ἐλάττονος
1146 2493 1346 2532 κατορθώματος
1359 2492 1407 2527 τὴν
1420 2493 1501 2527 αὐτὴν
1513 2492 1608 2527 ταύτην
1622 2494 1761 2529 ὑπομεῖναι

995 2540 1134 2578 τιμωρίαν.
1148 2539 1213 2568 ςΌτι
1227 2537 1252 2566 δὲ
1265 2539 1313 2576 οὐχ
1327 2539 1351 2566 οἱ
1373 2537 1512 2575 σφαγέντες
1527 2537 1618 2574 μόνον,
1634 2536 1700 2566 ἀλλὰ
1716 2537 1760 2565 καὶ
