1843 2810
67 819 143 842 Nicmae
155 821 209 841 scri-

68 857 104 881 pta
112 860 160 872 cum
169 853 210 872 iret

67 885 90 904 in
107 883 208 903 exsilium

67 922 124 934 auno
137 915 192 942 404.

71 2113 155 2140 Scripta
165 2119 213 2132 tum

71 2143 183 2164 Cucusum

71 2174 114 2194 iret
130 2174 215 2193 exsula-

72 2209 119 2224 tum
158 2212 214 2225 anno

71 2235 124 2263 404·

221 166 288 200 710
525 167 553 188 S.
584 166 722 189 JOxNNIS
749 165 928 188 CHRYSOST.

216 227 323 265 habeas,
334 227 533 267 religiosissima
552 228 661 257 domina
681 238 749 266 mea,
775 238 806 256 ne
827 234 852 256 te
867 237 930 255 moe-

216 274 283 302 roris
302 274 441 313 tyrannidi
461 274 631 303 constrictam
659 274 742 309 trade,
765 273 811 301 sed
830 273 932 301 ratione

216 325 398 358 tempestatem
409 330 503 359 supera
520 332 526 347 :
543 327 617 358 potes
632 319 703 347 enim
714 319 795 354 istud,
808 329 854 346 nec
866 325 932 345 tem-

216 371 304 403 pestas
313 372 397 393 artem
415 372 488 393 tuam
504 364 622 399 excedit;
638 371 717 401 atque
731 363 765 392 ad
786 374 833 391 nos
843 363 933 391 literas

215 421 274 448 qua:
284 411 334 439 hoc
351 411 512 448 significent⁷
525 410 609 446 mitte,
619 416 647 437 ut
659 410 740 437 etiam
751 409 776 437 in
791 416 880 437 extera
896 419 934 437 re-
950 409 969 432 D

217 455 296 493 gione
309 455 442 494 degentes,
460 455 607 483 maximam
622 454 686 482 hinc
698 455 862 494 voluptatem
873 465 933 493 per-

216 501 357 540 cipiamus,
376 511 437 529 cum
452 508 476 528 te
500 501 572 528 hunc
598 510 739 528 moerorem
759 511 803 534 ea,
829 511 886 538 quae
910 507 934 528 te

214 545 299 583 decet,
314 546 455 585 prudentia
471 553 495 574 et
517 545 646 584 sapientia
661 545 755 574 tulisse
771 545 934 574 intellexeri-

215 602 284 621 mus.
295 592 366 627 Hzer,
383 603 443 620 eum
452 592 509 631 jam
520 591 640 619 Caesarea
651 601 703 619 non
716 591 794 630 longe
801 591 932 628 abessem,

215 638 251 666 ad
266 645 290 666 te
307 638 410 677 scripsi.

385 729 439 757 Ad
453 729 586 757 eamdem
602 731 683 768 epist.
699 730 736 757 X.

259 807 293 835 At
302 806 373 835 hunc
385 817 490 845 quoque
504 813 603 835 metum
617 806 737 835 excutias
755 806 846 843 velim,
857 817 936 844 quem

219 862 253 880 ex
265 852 358 881 itinere
373 859 462 880 nostro
475 853 630 892 concepisti.
643 851 761 887 Etenim,
774 852 863 890 utjam
877 859 937 880 ante

219 910 267 937 per
280 899 370 927 literas
385 898 435 926 tibi
448 898 613 936 significavi,
627 909 723 937 corpus
738 898 814 926 nobis
830 905 855 926 et
867 897 937 925 sani-

218 945 280 973 tatis
293 952 319 973 et
333 944 436 973 roboris
453 944 630 973 accessionem
640 944 744 972 habuit.
760 943 899 981 Siquidem
911 950 936 971 et

217 1001 262 1018 aer
275 990 390 1028 henigne
403 990 542 1018 nobiscum
556 990 620 1028 egit,
630 997 655 1018 et
669 989 688 1017 ii
705 1000 719 1017 a
732 989 831 1027 quibus
845 989 871 1017 in
887 1000 934 1018 ex·
951 998 969 1020 E

217 1035 309 1064 silium
334 1035 486 1071 avehimur,
507 1046 600 1063 curam
624 1045 729 1063 omnem
754 1042 779 1063 et
804 1034 934 1070 studium,

217 1081 297 1109 etiam
309 1092 388 1120 supra
403 1091 484 1118 quam
494 1080 628 1116 volumus,
638 1080 776 1115 adhibent,
790 1086 819 1108 ut
833 1090 880 1108 nos
895 1090 936 1108 re-

218 1133 305 1155 creent
322 1137 352 1154 ac
367 1126 498 1162 reficiant,
515 1136 597 1163 eaque
612 1126 639 1153 in
652 1136 680 1153 re
699 1136 808 1165 operam
824 1132 932 1154 navant.

218 1172 286 1200 Cum
303 1178 390 1200 antem
406 1172 495 1200 Nicaea
504 1171 670 1200 discessurus
683 1182 778 1206 essem,
792 1172 860 1200 hanc
875 1172 933 1210 epi-

217 1217 313 1246 stolam
323 1217 358 1245 ad
373 1223 399 1245 te
413 1216 486 1253 dedi,
497 1217 575 1245 tertia
583 1217 626 1245 die
637 1216 715 1246 Julii.
732 1217 786 1245 Fac
801 1217 884 1255 igitur
899 1217 935 1245 ad

217 1273 264 1291 nos
279 1262 312 1290 de
324 1269 369 1291 tua
389 1261 543 1291 valetudine
563 1273 643 1300 quam
658 1263 804 1302 saepissime
823 1263 933 1291 scribas.

960 165 1115 189 ARCHIEP.
1145 166 1412 190 CONSTANTINOP.

986 227 1083 262 εἰδυῖα,
1100 227 1222 256 δέσποινά
1238 239 1287 266 μου
1305 227 1507 267 Θεοφιλεστᾶτη,
1529 227 1565 266 μὴ
1583 228 1664 267 ἐκδῷς
1679 239 1754 256 σεαυ-

985 272 1033 306 τὴν
1048 275 1079 310 τῇ
1096 276 1143 307 τῆς
1158 273 1269 311 ἀθυμίας
1283 273 1428 312 τυραννίδι,
1447 273 1513 302 ἀλλὰ
1537 274 1627 312 κράτει
1648 274 1686 311 τῷ
1706 273 1754 301 λο-

986 320 1073 357 γισμῷ
1087 322 1132 348 τοῦ
1143 321 1272 358 χειμῶνος
1282 332 1288 337 ·
1302 319 1410 348 δύνασαι
1424 319 1489 358 γὰρ,
1505 320 1549 348 καὶ
1564 321 1592 348 οὐ
1608 318 1694 357 μεῖζόν
1709 329 1755 346 σου

986 367 1032 399 τῆς
1046 365 1139 404 τέχνης
1154 365 1183 393 τὸ
1195 365 1336 394 κλυδώνιον
1347 377 1354 383 ·
1370 366 1414 395 καὶ
1428 366 1518 403 πέμπε
1532 365 1678 404 γράμματα
1692 367 1755 401 ἡμῖν

987 414 1062 438 τοῦτο
1083 410 1301 448 ἀπαγγέλλοντα,
1324 410 1366 438 ἵνα
1393 411 1438 440 καὶ
1461 413 1485 439 ἓν
1509 410 1635 449 ἀλλοτρίᾳ
1662 408 1757 448 διατρί-

987 455 1090 489 ὅοντες,
1113 455 1212 490 πολλὴν
1229 455 1430 495 καρπωσώμεθα
1451 456 1498 490 τὴν
1516 456 1688 495 εὐφροσύνην,
1704 467 1756 492 μα-

987 501 1073 533 θόντες
1088 500 1128 530 ὅτι
1150 501 1217 538 μετὰ
1238 503 1284 535 τῆς
1300 501 1482 540 προσηκούσης
1504 513 1544 530 σοι
1565 501 1692 532 συνέσεως
1711 501 1755 528 καὶ

987 546 1139 585 φιλοσοφίας
1159 547 1270 585 ἤνεγκας
1284 546 1331 580 τὴν
1351 546 1460 583 ἀθυμίαν
1477 546 1583 581 ταύτην.
1598 548 1690 575 Ταῦτα
1711 547 1756 584 ἐγκ

986 592 1032 631 γὺς
1053 592 1212 633 Καισαρείας
1231 593 1321 621 λοιπὸν
1343 591 1422 621 ἐλθὼν
1437 592 1588 621 ἓπέσταλκά
1603 604 1648 621 σου
1664 594 1696 630 τῇ
1712 603 1754 619 τι·

988 638 1102 675 μιότητι.

1161 730 1232 770 Πρὸς
1249 729 1295 766 τὴν
1312 730 1392 765 αὐτὴν
1411 729 1535 766 ἐπιστολὴ
1553 729 1580 758 ι’.

1028 807 1106 836 Ἀλλὰ
1128 807 1173 836 καὶ
1205 807 1282 836 τοῦτό
1307 819 1347 836 σοι
1369 807 1487 836 λελύσθω
1509 807 1539 836 τὸ
1563 807 1633 842 δέος,
1660 806 1689 835 τὸ
1710 808 1756 842 τῆς

989 853 1135 892 ὁδοιπορίας
1150 855 1196 888 τῆς
1216 853 1354 892 ἡμετέρας.
1371 853 1423 881 Καὶ
1437 853 1502 891 γὰρ,
1518 853 1583 891 ὅπερ
1598 853 1677 891 ἔφθην
1700 854 1755 881 ἔπι-

989 899 1115 935 στείλαςλ
1134 898 1163 926 τὸ
1195 901 1272 936 σῶμα
1301 901 1364 937 ἡμῖν
1392 899 1428 931 εἷς
1451 899 1550 937 ὑγίειαν
1582 899 1627 927 καὶ
1648 898 1756 927 πλείονα

990 947 1067 984 ῥῶσιν
1088 945 1216 980 ἐπέδωκε,
1231 948 1276 973 τοῦ
1293 957 1321 973 τε
1339 945 1412 985 ἀέρος
1427 947 1514 977 καλῶς
1534 947 1597 982 ἡμῖν
1619 944 1755 984 κεχρημέ-

988 1002 1048 1025 νου,
1066 992 1117 1018 τῶν
1145 1002 1172 1018 τε
1196 990 1348 1027 ἀπαγόντων
1378 993 1448 1028 ἡμᾶς
1476 995 1563 1019 πᾶσαν
1594 990 1755 1028 ποιουμένων

989 1035 1118 1070 σπουδὴν,
1144 1035 1210 1075 ὑπὲρ
1235 1035 1248 1064 ὃ
1272 1035 1417 1073 βουλόμεθα
1439 1036 1581 1064 ἀναπαύειν
1605 1038 1690 1073 ἡμᾶς,
1711 1036 1755 1064 καὶ

989 1082 1062 1120 ἔργον
1080 1085 1156 1110 τοῦτο
1170 1082 1340 1119 ποιουμένων.
1354 1082 1464 1110 Μέλλων
1480 1081 1507 1110 δὲ
1519 1082 1570 1110 ἀπὸ
1581 1083 1628 1116 τῆς
1644 1081 1756 1114 Νικαίας

988 1127 1097 1162 ἐξιέναι,
1115 1127 1210 1162 ταύτην
1229 1128 1415 1166 διεπεμψάμην
1434 1128 1482 1163 τὴν
1502 1128 1656 1163 ἐπιστολὴν,
1678 1128 1754 1168 τρίτῃ

990 1174 1070 1211 μηνὸς
1084 1176 1128 1202 τοῦ
1145 1173 1262 1202 Ἰουλίου.
1278 1174 1367 1212 speique:
1379 1168 1422 1202 οῧν
1437 1177 1500 1210 ἡμῖν
1514 1176 1627 1212 συνεχῶς
1639 1173 1698 1212 περὶ
1709 1176 1756 1208 τ’ἧς

988 1219 1086 1257 ὑγιείας
1110 1222 1155 1254 τῆς
1168 1221 1222 1253 σῆς.
1239 1219 1428 1253 Διακονήσεται
1447 1219 1498 1259 γάρ
1513 1230 1554 1247 σοι
1575 1219 1639 1257 πρὸς
1657 1222 1732 1247 τοῦτο
1744 1221 1757 1247 ὁ

988 1264 1114 1300 δεσπότης
1135 1277 1184 1302 μου
1199 1265 1361 1303 Περγάμιος,
1380 1261 1401 1304 ᾧ
1418 1265 1516 1304 σφόδρα
1537 1264 1693 1304 τεθάρρηκα.
1708 1265 1754 1300 Μὴ

217 1307 259 1336 Ad
273 1318 331 1336 eam
346 1308 416 1336 enim
430 1319 486 1336 rem
501 1319 608 1347 operam
623 1308 673 1336 tibi
691 1308 975 1346 navabitdominus591
987 1310 1047 1349 περὶ
1062 1312 1108 1344 τῆς
1123 1310 1219 1348 ὑγιείας
1235 1310 1312 1348 μόνον
1325 1313 1388 1348 ἡμῖν
1403 1311 1480 1345 δήλου
1493 1313 1539 1345 τῆς
1551 1313 1612 1345 σῆς,
1630 1309 1696 1338 ἀλλὰ
1710 1310 1755 1339 καὶ

218 1364 292 1381 meus
318 1354 484 1391 Pergamius⁷
505 1354 547 1382 cui
565 1365 724 1393 magnopere
745 1354 858 1383 confido.
877 1355 932 1382 Nec
950 1355 969 1377 Α

217 1409 281 1428 vero
291 1398 325 1427 de
341 1405 383 1426 tua
399 1398 541 1427 dumtaxat
555 1400 623 1428 bona
638 1399 794 1428 valetudine
808 1399 934 1427 certiores

218 1454 265 1472 nos
280 1443 372 1479 facias,
394 1454 487 1472 verum
510 1444 580 1472 illud
600 1445 680 1472 etiam
694 1444 828 1482 significes
842 1444 933 1479 velim,

218 1488 338 1517 moeroris
354 1489 474 1516 nubema
489 1489 677 1528 tedissipatam
689 1499 752 1518 csse.
768 1490 836 1517 Nam
851 1489 872 1517 si
883 1489 934 1517 hoc

217 1544 252 1562 ex
269 1534 320 1562 tuis
335 1533 419 1562 literis
437 1534 657 1572 intellexerimus,
674 1535 771 1573 saepius
782 1545 887 1573 quoque
901 1534 935 1562 ad

217 1585 243 1607 te
252 1579 342 1607 literas
356 1579 490 1616 dabimus,
502 1586 531 1607 ut
546 1580 591 1618 qui
603 1580 744 1608 scribendo
755 1580 858 1617 aliquid
872 1590 936 1619 pro—

218 1624 350 1652 ficiamus.
369 1625 550 1659 Quamobrem
565 1626 587 1654 si
604 1626 710 1654 crebras
726 1636 740 1653 a
755 1626 831 1653 nobis
846 1626 936 1654 literas

219 1669 340 1708 accipere
353 1670 440 1708 cupis,
458 1670 526 1698 illud
536 1670 612 1699 nobis
625 1678 714 1709 aperte
724 1670 823 1706 indica,
839 1682 873 1700 ex
883 1672 936 1699 fre—

219 1715 362 1752 quentibus
384 1715 480 1743 nostris
495 1716 580 1744 literis
600 1716 704 1754 aliquid
720 1716 853 1745 commodi
869 1728 934 1756 pro-

220 1771 327 1789 manare
343 1772 348 1788 :
365 1771 395 1789 ac
412 1760 516 1789 videbis
538 1772 586 1789 nos
608 1761 637 1790 id
649 1762 767 1790 muueris
786 1762 936 1800 largissime

220 1813 384 1845 praestantes.
400 1807 469 1835 Nam
484 1818 554 1835 nune
570 1817 685 1845 quoque,
708 1818 769 1835 cum
785 1808 875 1844 multi,
890 1809 936 1846 qui

219 1852 311 1881 literas
324 1853 358 1880 ad
374 1863 421 1881 nos
432 1853 527 1881 afferre
540 1860 670 1892 poterant,
683 1853 733 1882 hac
745 1853 796 1881 iter
812 1854 937 1889 facerent,

221 1909 268 1927 nec
283 1899 424 1938 epistolam
445 1910 459 1927 a
480 1906 504 1927 te
520 1899 690 1938 accepissem,
704 1909 774 1937 aegre
792 1899 938 1928 admodum

222 1944 249 1972 id
262 1944 321 1972 tulit

410 2015 463 2043 Ad
477 2015 608 2043 eamdem
622 2017 703 2054 epist.
720 2016 774 2044 XI.

265 2098 326 2133 Quo
342 2099 497 2127 tentationes
516 2105 611 2127 nostrae
634 2099 719 2137 magis
738 2099 938 2138 ingravescunt,

225 2144 276 2173 hoc
292 2146 371 2173 etiam
387 2145 471 2183 magis
486 2144 676 2173 consolationes
689 2152 785 2173 nostrae
795 2153 937 2185 augentur,

226 2190 406 2228 laetioremque
420 2190 452 2218 de
468 2190 566 2218 futuris
583 2201 656 2229 spem
669 2191 833 2230 concipimus
849 2203 854 2218 :
870 2202 940 2220 nunc

225 2242 313 2264 autem
328 2235 416 2263 omnia
425 2235 501 2263 nobis
511 2246 543 2263 ex
554 2235 639 2264 animi
651 2237 778 2265 sententia
793 2236 898 2273 cedunt,
908 2248 939 2266 ac

224 2280 339 2310 secundo
347 2287 426 2310 vento
442 2280 610 2318 navigamus.
629 2282 698 2316 Quis
721 2282 812 2311 vidit?
824 2283 883 2321 quis
892 2294 938 2311 au-

224 2327 312 2356 divit?
326 2327 409 2355 Petrae
425 2333 449 2354 et
459 2326 508 2354 sub
517 2326 594 2364 aquis
605 2326 714 2355 latentia
729 2338 802 2364 saxa,
815 2336 839 2357 et
850 2329 936 2357 turbi-

225 2383 271 2400 nes
285 2379 310 2400 et
324 2371 446 2411 procellae
459 2381 520 2399 cum
534 2371 639 2409 fragore
651 2379 732 2400 ruunt
747 2384 752 2399 ε
771 2383 825 2401 nox
836 2374 936 2410 illunis,

224 2418 304 2447 densa
316 2418 410 2455 caligo,
422 2416 569 2456 praecipitia
583 2423 608 2444 et
618 2417 720 2456 scopuli
735 2430 740 2444 :
756 2425 781 2446 et
790 2425 876 2447 tamen
889 2431 936 2459 per

226 2463 355 2503 ejusmodi
373 2473 444 2491 mare
463 2462 629 2501 navigantes,
649 2463 735 2492 nihilo
756 2464 845 2503 pejore
866 2472 934 2494 statu
953 2474 971 2495 C

260 2565 269 2573 ν·
288 2555 357 2580 Unus
370 2557 430 2580 ορὖν
443 2558 531 2586 ἄμεινον
545 2556 682 2586 διακείμεθα.

987 1355 1046 1394 περὶ
1066 1359 1110 1384 τοῦ
1130 1356 1284 1384 ἐσκεδάσθαι
1307 1367 1346 1384 σοι
1369 1358 1416 1390 τῆς
1437 1355 1548 1393 ἀθυμίας
1570 1355 1600 1384 τὸ
1619 1355 1701 1394 νέφος.
1721 1357 1754 1384 Εἰ

986 1402 1036 1440 γὰρ
1049 1401 1176 1439 μάθοιμεν
1189 1401 1230 1428 διὰ
1243 1403 1294 1429 τῶν
1304 1401 1467 1439 γραμμάτων
1481 1403 1530 1429 τῶν
1547 1403 1598 1429 σῶν
1610 1403 1696 1436 τοῦτο,
1710 1400 1755 1429 καὶ

987 1446 1170 1485 συνεχέστερον
1184 1447 1379 1484 ἐπιστελοῧμεν,
1397 1448 1431 1478 ὡς
1447 1445 1565 1478 ἀνύοντές
1583 1458 1608 1474 τι
1627 1446 1706 1474 πλέον
1722 1446 1754 1473 δι’

987 1487 1021 1519 ὧν
1037 1491 1178 1530 γράφομεν.
1196 1492 1228 1519 Εἰ
1250 1492 1334 1520 τοίνυν
1355 1493 1488 1529 ἐπιθυμεῖς
1510 1491 1670 1526 πυκνότητος
1686 1492 1754 1520 ἀπο-

987 1537 1075 1564 λαύειν
1097 1538 1259 1573 ἐπιστολῶν,
1277 1537 1354 1572 δήλου
1370 1539 1457 1575 σαφῶς
1473 1539 1535 1574 ἡμῖν
1555 1536 1595 1564 ὅτι
1617 1537 1715 1575 γίνεται
1730 1549 1755 1564 τ’.

988 1582 1066 1610 πλέον
1082 1582 1133 1611 ἀπὸ
1148 1585 1194 1617 τῆς
1216 1583 1385 1617 πυκνότητος,
1402 1582 1445 1610 καὶ
1459 1582 1516 1620 ὄψει
1536 1581 1602 1619 μετὰ
1623 1582 1756 1621 δαψιλείας

988 1632 1062 1657 τοῦτο
1085 1629 1256 1667 παρέχοντας.
1273 1629 1349 1657 Ἐπεὶ
1377 1628 1421 1656 καὶ
1449 1630 1506 1663 νῦν,
1530 1629 1632 1656 πολλῶν
1660 1629 1755 1666 παρελ-

989 1674 1082 1702 θόντων
1102 1677 1216 1703 ἐντεῦθεν
1231 1676 1282 1703 τῶν
1306 1674 1453 1712 ’δυναμένων
1474 1673 1619 1713 γράμματα
1640 1673 1756 1710 κομίσαι,

989 1720 1025 1757 μὴ
1047 1720 1183 1758 δεξάμενος
1204 1720 1277 1760 παρὰ
1294 1723 1339 1755 τῆς
1361 1722 1409 1754 σῆς
1429 1718 1579 1757 τιμιότητος
1603 1718 1754 1755 ἐπιστολὴν,

989 1766 1087 1805 σφόδρα
1100 1766 1213 1804 ἤλγησα.

1163 2021 1232 2060 Πρὸς
1244 2020 1291 2056 τὴν
1309 2020 1388 2055 αὐτὴν
1403 2020 1526 2055 ἐπιστολὴ
1544 2020 1587 2049 ια’.

1033 2099 1110 2139 ”Οσῳ
1121 2099 1153 2128 τὰ
1166 2101 1216 2127 τῶν
1229 2099 1381 2137 πειρασμῶν
1392 2100 1454 2135 ἡμῖν
1468 2098 1634 2131 ἐπιτείνεται,
1645 2099 1760 2138 τοσούτῳ

994 2146 1038 2174 καὶ
1051 2145 1084 2173 τὰ
1099 2147 1145 2180 τ’ῆς
1161 2144 1351 2183 παρακλήσεως
1366 2145 1430 2181 ἡμῖν
1446 2143 1567 2180 αὔξεται,
1588 2144 1633 2173 καὶ
1646 2156 1760 2183 χρηστο-

993 2191 1068 2231 τέρας
1087 2191 1180 2230 ἔχομεν
1201 2190 1261 2228 περὶ
1276 2191 1326 2218 τῶν
1349 2189 1494 2226 μελλόντων
1513 2189 1559 2222 τὰς
1575 2190 1681 2223 ἐλπίδας
1694 2202 1700 2208 ·
1715 2195 1759 2220 ν’ὔν

994 2237 1020 2266 δὲ
1045 2237 1113 2266 κατὰ
1139 2239 1198 2275 ῥοῦν
1221 2238 1284 2273 ἡμῖν
1308 2234 1411 2263 ἅπαντα
1439 2234 1556 2273 φέρεται,
1581 2236 1626 2264 καὶ
1647 2236 1760 2276 ἕξουρίας

992 2283 1115 2321 πλέομεν,
1133 2282 1182 2314 Τίς
1196 2277 1274 2315 εἶδεη
1291 2280 1329 2312 τίς
1341 2279 1467 2315 ἤκουσεν;
1482 2280 1596 2319 Ἵ“φαλοι
1611 2281 1655 2310 καὶ
1667 2282 1760 2311 σπιλά-

993 2330 1044 2363 δες,
1070 2328 1201 2366 στρόὸιλοι
1225 2326 1270 2355 καὶ
1287 2325 1435 2364 καταιγίδες
1459 2326 1684 2365 καταῤῥήγνυνται
1695 2340 1701 2345 ·
1716 2327 1760 2360 νὺξ

992 2373 1127 2408 ἀσέληνος,
1141 2372 1214 2411 ζόφος
1226 2371 1316 2410 βαθὺς,
1332 2371 1443 2410 κρημνοὶ
1455 2371 1499 2399 καὶ
1512 2372 1635 2401 σκόπελοι
1646 2385 1652 2390 ·
1663 2373 1708 2401 καὶ
1717 2373 1761 2402 διὰ

991 2420 1107 2449 τοιούτου
1123 2419 1244 2450 πλέοντες
1259 2418 1400 2455 πελάγους,
1417 2419 1468 2446 τῶν
1485 2419 1510 2446 ἐν
1531 2418 1618 2456 λιμένι
1639 2419 1761 2448 σαλευόν-

992 2479 1042 2494 των
1063 2464 1155 2494 ὀὐδὲν
1170 2469 1256 2503 χεῖρον
1274 2462 1436 2500 διακείμεθα.
1458 2464 1540 2493 Ταῦτ’
1563 2461 1606 2492 οὖν
1626 2465 1669 2493 καὶ
1694 2465 1758 2499 αὐτὴ
