1840 2839
762 152 896 176 131’15'101.
908 154 925 174 17,
932 168 938 175 .

89 216 132 245 καὶ
157 217 182 245 ἐν
201 215 377 256 χαλεπωτάτῃ
406 214 542 254 καθήμεθα
566 215 678 255 ἐρημία,
705 216 761 244 ἀλλ’
785 215 855 253 ὅμως

1552 142 1612 187 75ι

909 226 983 250 mur,
1000 221 1078 253 atque
1092 215 1118 243 in
1135 215 1278 255 asperrima
1301 215 1446 244 solitudine
1468 226 1617 244 commora-

88 263 213 300 μαθόντες
228 263 300 300 ὑμῶν
312 264 359 296 τῆς
373 263 459 300 ψυχῆς
475 260 522 296 τὴν
541 261 647 300 ἀρετ-ἡν,
664 260 707 289 καὶ
724 261 770 296 τὴν
788 263 853 290 πολ·
873 271 889 293 u
909 271 986 289 mur:
1003 268 1088 289 tamen
1103 261 1207 299 cognita
1222 260 1303 290 animi
1321 261 1400 290 vestri
1416 261 1514 290 virtute
1525 261 1617 300 ingen-

87 309 134 344 λὴν
149 308 314 348 φιλοσοφίαν,
327 309 360 344 δι]
372 303 402 342 ἧς
416 307 475 340 τοὺς
491 307 580 336 αὐτόθι
600 307 699 340 πάντας
718 308 855 345 καταλάμ-

87 366 163 388 πετε,
177 353 283 393 σφοδροὶ
302 353 446 392 γεγόναμεν
468 355 540 391 ὑμῶν
563 353 680 391 ἐρασταί.
697 354 748 382 Καὶ
764 353 854 388 ἐπειδὴ

86 401 133 434 τῆς
150 400 207 428 κατ’
222 399 280 438 ὄψιν
295 401 371 436 ἡμῶν
398 399 537 438 συντυχίας
557 398 621 432 τέως
645 400 793 428 ἀπολαῦσαι
808 399 854 427 οὐκ

87 445 122 474 ἔνι
131 467 139 480 ‚
152 444 194 473 διά
209 456 237 473 τε
252 444 299 479 τὴν
314 447 359 473 τοῦ
369 447 497 483 χειμῶνος
510 444 590 483 ὥραν,
601 445 643 473 διά
655 456 682 473 τε
697 446 743 479 ’.ἧς
754 445 812 473 ὁδοῦ
826 444 855 472 τὸ

88 493 187 530 μῆκος,
204 490 246 519 διὰ
272 490 436 530 γραμμάτων
463 491 631 529 συγγενέσθαι
657 490 855 528 ἐσπουδάσαμεν

88 538 158 575 ὑμῖν,
173 537 384 576 παρακαλοῦντες
400 537 472 573 ὑμῶν
496 536 544 571 τὴν
566 536 711 572 εὐλάέῗειαν,
733 534 856 574 εὔχεσθαί

88 595 116 611 τε
132 584 241 615 ἐκτενῶς
256 582 323 621 ὑπὲρ
336 584 382 617 τῆς
395 582 491 614 λύσεως
507 585 558 611 τῶν
574 582 620 617 τὴν
639 582 791 619 οἰκουμένην
804 594 854 610 κα-

87 628 247 667 τειληφότων
264 630 362 664 κακῶν,
382 628 425 656 καὶ
444 628 544 660 πάντας
565 629 600 660 εἰς
624 630 700 656 τοῦτο
722 626 855 665 διεγείρειν

89 673 157 711 μετὰ
171 675 270 709 πολλῆς
284 676 330 708 τῆς
345 673 505 713 προθυμίας,
521 675 584 710 ἡμῖν
599 685 641 708 τε,
658 672 736 708 ἡνίκα
749 672 779 700 ἂν
797 672 855 710 ἐξῇ,

89 719 274 758 συνεχέστερον
289 719 450 748 ἐπιστέλλειν
462 718 522 757 περὶ
538 721 585 752 τῆς
599 718 685 757 ὑγείας
702 720 749 753 τῆς
763 717 856 755 ὑμετέ-

88 777 134 804 ρας
145 777 150 782 ·
165 765 208 794 ἵνα
223 765 267 794 καὶ
289 765 422 804 πόῤῥωθεν
435 767 508 802 ὑμῶν
526 764 612 800 ὄντες,
634 764 679 792 καὶ
699 764 764 803 πρὸς
778 763 857 797 αὐτὰς

84 813 131 846 τῆς
152 811 305 848 οἰκουμένης
320 811 366 844 τὰς
389 810 514 850 ἐσχατιὰς
538 810 735 849 ἀπῳκισμένοι,
758 810 857 845 πολλὴν

85 856 131 885 καὶ
146 857 261 884 ἐντεῦθεν
276 855 479 896 καρπωσώμεθα
496 855 545 891 τὴν
557 856 736 896 παράκλησιν,
747 856 857 895 συνεχέ-

85 913 175 941 στερον
189 902 223 931 τὰ
241 902 360 941 περὶτῆς
378 902 480 942 ῥώσεως
500 904 573 940 ὑμῶν
588 902 768 941 μανθάνοντες.
785 904 858 942 Σφό-

86 949 134 987 δρα
149 947 177 977 δὲ
192 950 262 986 ἡμᾶς
275 948 396 988 εὔφρανεν
411 951 424 977 ὁ
439 948 619 981 ποθεινότατος
634 949 678 977 καὶ
701 948 860 986 γλυκύτατος

86 994 210 1028 Ἰωάννης
226 996 239 1022 ὁ
253 993 440 1033 πρεσὸύτερος,
457 995 483 1022 ἐν
497 994 611 1033 τοσαύτῃ
625 995 722 1033 καιρῶν
737 994 861 1033 δυσκολίᾳ

87 1039 207 1078 ἑλόμενος
221 1039 320 1069 οἴκοθεν
342 1040 530 1075 διαναστῆναι,
553 1040 597 1068 καὶ
612 1040 730 1079 ἅψασθαι
751 1042 797 1075 τ’ἧς
818 1041 861 1069 ἐπὶ

86 1086 134 1121 τὴν
144 1085 273 1120 Φοινίκην
284 1085 444 1124 ἀποδημίας.
457 1086 612 1125 Παρακαλῶ
627 1086 710 1115 τοίνυν
726 1086 860 1121 ἐννοήσαν-

88 1144 134 1164 τας
143 1134 188 1160 τοῦ
201 1131 403 1171 κατορθώματος
415 1132 506 1168 ἡλίκον
517 1132 547 1161 τὸ
560 1132 679 1172 μέγεθος,
692 1132 716 1161 εἴ
730 1145 801 1167 τινας
816 1133 861 1162 εὕ-

89 1188 157 1216 ροιτε
176 1177 308 1215 γενναίους
323 1177 433 1217 ἄνδρας,
449 1178 607 1216 δυναμένους
623 1180 695 1218 αὐτῷ
710 1179 862 1219 συμπρᾶξαι

88 1223 153 1262 πρὸς
166 1225 217 1251 τῶν
239 1223 450 1262 κατορθωμάτων
471 1224 567 1253 τούτων
584 1224 614 1253 τὸ
638 1224 761 1263 μέγεθος,
776 1227 861 1264 πολλῇ

88 1272 121 1308 τῇ
142 1269 275 1308 προθυμίᾳ
296 1271 499 1299 συναποστεῖλαι
519 1272 590 1310 αὐτῷ
605 1271 809 1310 παρακλήθητε,
824 1274 862 1301 ε’ν-

88 1317 204 1347 νοοῦντες
218 1314 308 1350 ἡλίκον
324 1315 440 1345 ἔντεῦθεν
452 1316 625 1355 καρπώσεσθε
639 1317 683 1345 τὸν
700 1317 800 1355 μισθόν.

210 1631 258 1664 νς’.
275 1631 406 1670 Ῥωμύλῳ
421 1631 485 1660 ι’καί
500 1631 576 1671 BQ»
591 1631 741 1670 μονάζουσι.

131 1723 204 1762 Ἐγὼ
221 1724 431 1763 μὲν-ἐδουλόμην
446 1727 514 1763 ὑμᾶς
527 1725 572 1754 καὶ
590 1726 701 1754 ἐνταῦθα
715 1737 861 1765 παραγενο-

92 1769 182 1807 μένους
198 1771 274 1798 ἰδεῖν·
287 1770 388 1799 ἀκούων
403 1770 454 1810 γὰρ
471 1772 546 1809 ὑμῶν
565 1770 613 1806 ἰ-ὴν
635 1771 783 1807 εὖλάέειαν,
801 1783 863 1810 σφο-

90 1815 149 1854 δρὸς
164 1817 235 1853 ὑμῶν
255 1816 349 1854 γέγονα
371 1815 497 1855 ἐραστὴς,
515 1821 568 1849 τοῖς
584 1819 630 1851 τῆς
648 1817 752 1856 ἀγάπης
765 1818 864 1856 ὀφθαλ-

90 1865 148 1898 μοῖς
164 1863 231 1899 ὑμᾶς
254 1861 458 1900 φανταζόμενος·
474 1862 563 1896 ἐπειδὴ
584 1861 610 1890 δὲ
630 1865 707 1890 τοῦτο
731 1862 796 1894 τέως
817 1863 863 1891 οὐκ

91 1906 143 1940 ἔνι,
159 1906 204 1934 καὶ
219 1906 262 1934 διὰ
274 1906 303 1934 τὸ
315 1908 362 1940 τῆς
375 1907 434 1935 ὁδοῦ
448 1909 544 1944 μῆκος,
557 1908 602 1936 καὶ
619 1907 662 1936 διὰ
679 1907 727 1942 τὴν
748 1910 792 1936 τοῦ
808 1920 864 1947 χει-

91 1953 176 1988 μῶνος
190 1951 271 1990 ὥραν,
285 1951 329 1980 καὶ
339 1951 381 1980 διὰ
393 1951 436 1980 τὸν
451 1954 503 1980 τῶν
518 1951 646 1991 Ἴσαύρων
657 1952 746 1991 φόέῗον,
758 1952 801 1981 διὰ
811 1955 862 1981 τῶν

95 1996 261 2036 γραμμάτων
280 1996 428 2025 ἐσπούδακα
452 1999 525 2035 ὑμῶν
540 1997 709 2036 συγγενέσθαι
726 2000 758 2037 τῇ
779 1998 865 2036 τιμιό-

96 2054 171 2077 τητι,
200 2041 281 2077 δήλην
307 2045 367 2080 ὑμῖν
396 2045 477 2071 ποιῶν
505 2042 552 2077 τὴν
570 2042 692 2079 διάθεσιν,
712 2043 743 2078 ἢν
771 2044 865 2083 ἔχομεν

98 2091 108 2103 ⁰
117 2087 180 2126 πρὸς
191 2087 237 2123 τὴν
251 2087 387 2116 εὐλάῧειαν
408 2087 456 2124 τὴν
467 2088 594 2128 ὑμετέραν
605 2101 611 2106 ·
624 2089 661 2117 ἔνι
677 2089 727 2128 γὰρ
742 2089 787 2117 καὶ
807 2088 867 2122 τοὺς

97 2133 228 2173 πόῤῥωθεν
239 2132 314 2166 ὄντας
325 2133 369 2162 καὶ
379 2133 416 2172 μὴ
428 2133 566 2173 ὁραθέντας
581 2135 673 2173 φιλεῖν.
689 2134 805 2170 Τοιαύτη
816 2135 866 2174 γὰρ

96 2181 143 2214 τῆς
158 2179 260 2217 ἀγάπης
273 2182 289 2214 ἦ
300 2179 422 2217 δύναμις·
436 2181 463 2208 οὗ
478 2179 619 2220 διείργεται
630 2181 689 2208 ὁδοῦ
705 2180 798 2218 μήκει,
809 2180 866 2209 οὐδὲ

97 2225 252 2265 μαραίνεται
273 2225 367 2264 χρόνου
382 2225 492 2261 πλήθει,
507 2225 565 2254 οὐδὲ
587 2231 692 2254 νικᾶται
711 2228 866 2266 πειρασμῶν

98 2272 259 2310 ἐπαγωγαῖς·
276 2270 344 2299 ἀλλὰ
358 2273 442 2299 ταῦτα
456 2271 542 2299 πάντα
554 2272 654 2299 νικῶσα
673 2271 792 2310 ἀνωτέρα
804 2272 868 2300 πάν-

909 307 979 345 tique
992 307 1175 346 philosophia,
1190 318 1237 346 per
1250 318 1328 346 quam
1345 307 1470 335 omnibus
1480 329 1487 343 ‚
1502 307 1547 345 qui
1561 307 1620 336 istic

908 360 986 389 sunt,
1001 353 1086 381 lucem
1095 364 1125 382 ac
1134 353 1302 392 splendorem
1315 353 1426 391 assertis,
1438 364 1564 392 magnum
1575 364 1619 382 ve-

908 398 955 427 stri
970 410 1086 428 autorem
1097 399 1275 439 concepimus.
1291 402 1327 428 Ac
1343 399 1488 438 quoniam,
1510 406 1567 428 tum
1585 399 1620 428 ob

909 444 1004 473 hiemis
1023 446 1190 484 asperitatem
1201 468 1208 480 ,
1229 453 1283 474 tum
1296 446 1331 475 ob
1350 446 1452 474 itineris
1469 445 1618 484 longitudi—

908 501 981 526 nem,
991 498 1078 519 vestro
1091 491 1196 519 interim
1211 502 1350 530 congressu
1362 492 1413 520 frui
1426 492 1536 520 minime
1550 491 1620 528 licet,

910 546 956 574 per
966 536 1054 564 literas
1069 548 1116 565 vos
1132 537 1272 565 convenire
1286 537 1452 572 studuimus,
1476 548 1523 566 vos
1543 548 1621 565 oran-

911 587 947 608 tes
957 587 1037 618 atque
1046 581 1211 609 obsecrantes
1221 603 1227 615 ,
1240 587 1269 609 ut
1280 588 1303 609 ‹·t
1316 592 1363 620 pro
1377 582 1507 610 malornm
1521 592 1621 616 corum,

911 634 969 661 qua¹
985 624 1140 652 universum
1155 631 1285 652 terrarum
1302 624 1393 652 orbem
1409 625 1570 661 iuva-erunt,
1580 624 1623 652 de-

911 669 1034 708 pulsione
1047 669 1166 709 prolixas
1181 669 1216 697 ad
1239 670 1325 697 Deum
1345 680 1434 708 preces
1453 669 1623 707 adhibeatis,

911 720 935 742 et
950 724 1041 742 omnes
1055 725 1149 752 magna
1164 724 1224 742 cum
1238 714 1373 742 alacritate
1384 714 1416 742 ad
1428 715 1477 743 hoc
1490 715 1623 751 excitetis,

883 768 891 774 “
913 769 1021 796 nosque,
1033 770 1093 787 cnm
1106 759 1218 787 facultas
1236 758 1346 786 dabitur
1357 781 1365 796 ‚
1380 758 1412 787 de
1424 766 1508 787 vestra
1523 759 1625 787 valetu-

913 804 976 833 dine
989 815 1034 843 per
1050 804 1140 833 literas
1155 815 1234 842 quam
1248 804 1392 843 ssepissime
1404 804 1526 833 certiores.
1546 805 1625 833 sacia-

915 850 960 879 tis:
972 850 1170 887 ut,licetetia1n
1182 851 1297 890 procula
1309 850 1385 879 vobis
1396 850 1494 887 dissiti,
1505 858 1584 889 atquc
1593 850 1625 879 ad

915 895 1024 923 ultimos
1034 906 1141 933 quoque
1153 901 1228 923 terrae
1239 894 1350 933 angulos
1366 894 1490 933 relegati,
1504 904 1628 932 magnam

915 947 1002 968 tamen
1016 940 1079 968 hinc
1093 939 1298 968 consolationem
1314 939 1451 979 capiamus
1461 961 1469 976 ‚
1487 938 1520 967 de
1535 946 1629 968 restra>

915 985 1079 1015 valetudinis
1104 992 1173 1014 statu
1208 996 1325 1025 persa-pe
1354 984 1455 1023 aliquid
1484 984 1628 1013 audientes.

916 1033 970 1061 Nos
983 1032 1091 1071 quidem
1101 1039 1171 1061 certe
1185 1042 1329 1071 permagna
1341 1031 1479 1070 voluptate
1489 1030 1578 1058 asl'eeit
1588 1030 1631 1059 vir

916 1078 1070 1107 carissimus
1090 1084 1115 1106 ct
1137 1077 1312 1107 suavissimus
1334 1077 1448 1106 Joannes
1470 1076 1630 1115 presbyter,

916 1123 989 1163 qnod
1000 1124 1026 1153 in
1039 1130 1110 1152 tanta
1121 1130 1271 1163 temporum
1285 1122 1447 1151 difficultate
1458 1122 1537 1150 domo
1550 1132 1630 1150 exee—

916 1169 978 1198 dere
991 1192 999 1207 ,
1019 1177 1099 1208 atque
1123 1169 1149 1198 in
1170 1168 1335 1197 Pboeni‹·iam
1351 1167 1487 1207 proficisci
1511 1167 1631 1195 animum

918 1215 1065 1244 induxerit.
1080 1215 1251 1255 Quapropter
1262 1224 1276 1243 a
1287 1213 1364 1243 vobis
1377 1220 1453 1252 peto,
1467 1220 1496 1241 ut
1508 1213 1631 1252 przeelari

917 1261 998 1300 hujus
1015 1261 1103 1300 operis
1125 1259 1311 1299 magnitudine
1325 1258 1414 1287 animo
1435 1269 1564 1298 perpensa
1577 1281 1585 1295 ,
1609 1258 1631 1286 si

917 1317 983 1345 quos
994 1313 1146 1345 praestantes
1157 1316 1188 1334 ac
1197 1315 1336 1345 generosos
1346 1315 1418 1334 viros
1431 1314 1631 1340 nanciscamini,

917 1351 963 1388 qui
978 1350 1012 1379 ad
1022 1349 1190 1389 egregiarum
1204 1350 1301 1378 harum
1316 1359 1405 1377 rerum
1419 1347 1630 1387 magnitudinem

917 1395 1078 1425 auxiliarem
1093 1406 1203 1424 manum
1222 1395 1318 1423 afferre
1332 1394 1451 1434 possint,
1465 1404 1510 1421 eos
1536 1404 1630 1431 magna

917 1453 978 1470 cum
1004 1441 1088 1470 animi
1110 1441 1246 1470 alacritate
1268 1451 1321 1469 una
1347 1450 1408 1468 cum
1431 1450 1462 1468 eo
1492 1439 1604 1467 mittatis
1620 1461 1628 1475 ‚

916 1494 1044 1526 quantam
1067 1487 1131 1516 hinc
1157 1485 1307 1516 mercedem
1330 1485 1412 1514 laturi
1435 1485 1494 1514 sitis
1511 1507 1520 1522 ‚
1555 1484 1630 1523 cogi-

918 1540 1010 1562 tantes.

1017 1633 1085 1661 LVI
1089 1632 1223 1661 ⁴Romulo
1235 1638 1262 1660 et
1275 1633 1360 1669 Byzo
1371 1631 1530 1660 monachis.

958 1726 1014 1754 Vos
1028 1724 1138 1763 quidem
1152 1725 1206 1753 hue
1217 1734 1323 1763 quoque
1333 1723 1425 1753 venire
1436 1746 1445 1761 ,
1458 1730 1537 1761 atque
1547 1722 1632 1751 oculis
1642 1736 1727 1757 Cum„
1745 1746 1782 1759 au-

918 1771 1067 1811 perspicere
1081 1771 1179 1801 vellem
1195 1782 1200 1798 :
1223 1777 1319 1799 vestrae
1341 1769 1411 1798 enim
1435 1768 1542 1808 pietatis
1561 1769 1631 1796 sama
1643 1776 1670 1789 ¹¹⁰
1681 1767 1736 1797 405.

918 1824 1067 1846 commotus
1079 1839 1088 1854 ‚
1105 1815 1207 1855 ingenti
1220 1815 1301 1844 vestri
1321 1825 1410 1843 amore
1421 1814 1540 1850 afficior,
1553 1820 1633 1852 atque

918 1862 1035 1891 caritatis
1055 1861 1139 1890 oculis
1157 1872 1203 1890 vos
1225 1861 1346 1897 intne0r;
1370 1859 1496 1898 quoniam
1519 1866 1607 1888 autem
1623 1883 1631 1896 ‚

919 1915 976 1936 tum
990 1907 1025 1936 ob
1041 1907 1143 1935 itineris
1157 1906 1380 1945 longinquitatem
1391 1928 1399 1942 ‚
1416 1912 1472 1934 tum
1488 1905 1523 1934 ob
1535 1904 1632 1934 hiemis

920 1960 1034 1992 tempus,
1042 1959 1100 1981 tum
1108 1952 1143 1980 ob
1165 1952 1319 1980 Isaurorum
1340 1950 1489 1987 metun17id
1502 1961 1571 1979 nunc
1581 1951 1631 1979 mi-

920 1998 991 2027 nime
1011 1998 1091 2034 licet,
1112 2008 1161 2026 vos
1181 2007 1228 2036 per
1252 1996 1342 2025 literas
1358 1996 1499 2024 convenire
1523 1996 1631 2031 studui,

921 2055 1006 2072 meam
1017 2054 1079 2082 erga
1091 2053 1139 2072 vos
1151 2041 1364 2071 benevolentiam
1376 2041 1542 2081 perspicuam
1556 2042 1632 2071 vobis

921 2089 1036 2118 faciens:
1052 2089 1113 2117 licet
1129 2088 1199 2116 enim
1215 2098 1258 2116 eos
1272 2098 1362 2116 amare
1382 2087 1427 2125 qui
1443 2087 1538 2127 procul
1552 2087 1631 2127 positi

921 2145 968 2163 nee
982 2145 1110 2172 umquam
1127 2133 1178 2162 visi
1192 2139 1263 2162 sunt.
1278 2133 1348 2161 Nam
1362 2132 1493 2172 ejusmodi
1515 2133 1633 2161 caritatis

921 2187 1015 2208 natura
1036 2186 1089 2216 est,
1105 2186 1135 2208 ut
1153 2190 1201 2208 nec
1215 2179 1266 2208 viae
1283 2178 1452 2217 longitudine
1469 2179 1631 2214 dirimatur,

921 2235 968 2253 nec
980 2224 1107 2264 temporis
1120 2222 1297 2252 diuturnitate
1311 2221 1482 2259 debilitetur,
1493 2233 1541 2251 nec
1555 2222 1636 2250 illatis

922 2270 1112 2299 tentationibus
1120 2269 1292 2308 infringatur,
1304 2278 1399 2297 verum
1410 2268 1467 2297 haec
1476 2268 1566 2297 omnia
1576 2269 1636 2296 vin-

98 2326 149 2344 των
170 2315 283 2354 γίνεται,
294 2316 338 2344 καὶ
354 2316 419 2355 πρὸς
439 2316 502 2356 ὕψος
516 2317 613 2355 ἄφατον
638 2316 750 2356 αἴρεται.
764 2317 815 2345 Διὰ
837 2316 867 2352 δὴ
878 2335 913 2353 625
924 2323 980 2354 cat,
992 2327 1023 2345 ac
1035 2327 1115 2355 supra
1126 2315 1216 2344 omnia
1228 2321 1368 2353 assurgat,
1384 2321 1463 2353 atque
1472 2314 1499 2342 in
1511 2314 1636 2343 sublimi-

99 2365 175 2390 τοῦτο
197 2361 242 2390 καὶ
257 2364 349 2399 ἡμεῖς,
364 2362 455 2397 ἐπειδὴ
481 2362 580 2401 σφόδρα
599 2363 660 2401 περὶ
683 2364 752 2401 ὑμᾶς
772 2363 870 2391 διακεί-
887 2365 906 2385 Λ
923 2368 1003 2390 tatem
1018 2361 1224 2390 inenarrabilem
1237 2360 1383 2389 attollatur.
1392 2361 1436 2389 Ob
1447 2371 1558 2398 eamque
1573 2370 1636 2388 cau-

103 2409 183 2444 μεθα,
195 2407 277 2436 οὐδενὶ
287 2407 384 2436 τούτων
395 2407 537 2446 γεγόναμεν
551 2408 736 2447 ῥᾳθυμότεροι,
749 2408 816 2437 ἀλλὰ
826 2408 870 2437 καὶ

101 2451 244 2491 γράφομεν,
259 2452 303 2481 καὶ
315 2455 520 2492 παρακαλοῦμεν
532 2455 600 2492 ὑμᾶς
611 2453 643 2482 τὰ
655 2454 714 2493 περὶ
726 2455 773 2488 τῆς
784 2454 871 2492 ὑγείας

136 2529 147 2547 b
166 2530 258 2554 omues
268 2530 317 2555 scre
333 2532 379 2555 MSS
393 2551 398 2555 .
411 2536 445 2557 mi
459 2536 524 2564 firgo).

923 2418 979 2436 sam
989 2418 1035 2436 nos
1046 2407 1135 2444 etiam,
1145 2406 1287 2445 quandoqn
1292 2405 1362 2434 idem
1373 2406 1494 2445 apprime
1503 2416 1550 2433 vos
1562 2416 1639 2433 ama-

925 2464 998 2491 mus,
1011 2453 1081 2482 nihil
1099 2453 1196 2482 horum
1210 2451 1344 2490 segniores
1356 2452 1458 2480 effecit:
1476 2451 1540 2489 quin
1553 2451 1642 2490 potins

932 2534 993 2557 Tros
1005 2533 1062 2558 Mss.
1078 2536 1128 2565 περὶ
1142 2537 1180 2561 τήν
1198 2535 1320 2558 eudemu-
