1843 2810
72 2150 175 2180 Philipp.
191 2158 198 2173 1

75 2187 113 2201 21-

72 2212 141 2232 PsaI.
159 2212 198 2236 23.

74 2286 178 2308 1.T1m.6
191 2293 212 2314 7.

238 127 307 171 [194
542 136 570 158 s.
600 137 739 159 sommus
767 137 948 160 cnnrsosr.
979 138 1134 160 memma
1164 138 1433 161 CONSTANTtNOP.

234 199 318 237 sugat,
335 204 361 226 et
382 207 474 236 pacem
497 198 599 227 statuit.
613 198 680 227 Dico
705 199 775 227 enim
796 198 873 227 vobis
888 205 971 226 artem
1028 205 1067 227 ret
1079 199 1225 228 amicitiam
1238 207 1262 228 et
1273 200 1398 228 evelleret
1410 199 1557 237 caritatem,
1569 207 1598 229 ut
1612 200 1762 241 disrumpe-

232 245 345 281 diaboli,
359 245 435 284 cujus
450 255 533 282 neque
546 255 593 273 vos
605 245 729 274 astutiam
745 246 881 284 ignoratis.
891 245 971 274 Vidit
1027 253 1067 274 ret
1078 257 1169 285 pacem
1182 259 1188 274 z
1200 246 1244 275 sed
1257 258 1310 286 pax
1327 247 1435 275 Domini
1449 258 1552 286 semper
1566 247 1599 276 sit
1612 248 1762 285 nobiscum,

232 299 337 321 satanas
352 292 506 320 firmitatem
517 292 591 329 fidei,
605 293 776 321 stabilitatem
789 292 815 320 in
828 303 857 320 ea
872 292 972 331 pietate
1027 294 1053 322 in
1067 294 1174 322 Christo
1186 296 1247 323 Jesu
1270 294 1386 322 Domino
1402 301 1502 329 nostro,
1517 305 1577 322 cum
1589 305 1641 333 quo
1654 302 1692 323 est
1706 297 1762 325 Deo

231 338 388 378 dogmatum
399 346 511 378 septam,
530 339 597 367 vidit
612 347 637 368 et
651 350 761 378 operum
772 339 903 367 bonorum
914 340 970 367 sru-
1026 341 1099 369 Patri
1114 347 1140 369 et
1157 341 1269 379 Spiritui
1284 348 1373 369 sancto
1390 341 1474 379 gloria
1490 341 1516 370 in
1538 342 1633 370 saecula
1647 343 1760 371 saeculo-

233 387 319 416 ctibus
339 386 571 415 abundantemzet
594 387 651 415 ideo
673 398 720 426 pro
740 387 781 415 his
797 387 922 416 omnibus
934 387 969 416 ad
1024 399 1092 416 rum.
1108 390 1199 416 Amen.

231 434 361 463 insaniam
376 435 458 470 venit,
474 441 498 462 et
511 434 584 462 rabie
595 434 692 462 suroris
701 434 811 471 exarsit,
821 442 848 463 ut
863 434 965 463 scinde-

807 624 1220 686 MONITUM

512 764 559 799 ΙΝ
586 762 876 809 SEQUENTEM
902 761 1229 796 CIIRYSOSTOMI
1255 761 1535 798 ORATIONEM

700 874 911 910 ANTEQUAM
934 874 1022 902 IRET
1045 874 1083 902 IN
1108 874 1300 904 EXStLIUM.

267 986 297 1014 In
312 991 444 1024 postrema
456 983 563 1012 Morelli
586 981 713 1011 Editione
729 979 763 1008 ad
781 979 881 1008 calcem
896 978 975 1006 Tomi
989 978 1079 1016 quarti
1096 978 1168 1007 edita
1182 979 1232 1007 suit
1245 979 1339 1008 Oratio
1354 980 1541 1020 Chrysostomi
1554 988 1697 1020 antequam
1709 983 1759 1012 iret

226 1031 253 1059 in
263 1031 401 1067 exsilium,
411 1029 444 1058 ad
454 1029 585 1068 populum
596 1027 698 1063 habita,
707 1036 741 1054 ex
752 1025 816 1054 Vita
828 1024 1012 1063 Chrysostomi
1027 1034 1072 1062 per
1085 1023 1230 1061 Georgium
1243 1024 1455 1054 Alexandrinum
1469 1029 1759 1067 excerpta,quoe,quod

225 1084 323 1116 spectat
339 1076 373 1104 ad
386 1075 529 1103 dimidiam
543 1074 660 1112 priorem
673 1078 776 1112 partem
789 1070 822 1098 ad
834 1070 891 1097 liaec
906 1080 990 1107 usque
1005 1069 1096 1104 rerba,
1111 1070 1167 1097 ἀλλ’
1176 1071 1228 1108 ὁρῶ
1241 1074 1293 1102 τοῖς
1306 1071 1419 1107 ἐμαυτοῦ
1433 1072 1546 1110 δόγμασί
1559 1085 1645 1108 τινας,
1658 1084 1708 1103 non
1718 1075 1758 1103 in-

223 1122 305 1160 digna
329 1121 522 1159 Chrysustomo
545 1118 666 1146 videtur:
681 1124 706 1145 et
721 1117 781 1144 talis
796 1127 811 1143 a
830 1115 896 1143 viris
911 1115 998 1143 doctis
1018 1115 1142 1151 habetur,
1162 1115 1332 1153 paucioribus
1351 1116 1410 1144 aliis
1429 1118 1646 1147 reclamantibus.
1659 1120 1689 1148 In
1709 1120 1759 1149 hac

222 1174 291 1195 certe
313 1167 399 1206 prima
420 1172 508 1204 parte,
525 1175 582 1192 meo
604 1163 713 1201 quidem
732 1161 846 1200 judicio,
861 1161 977 1189 occurrit
1000 1160 1067 1188 nihil
1088 1160 1160 1197 quod
1174 1171 1203 1188 eo
1218 1159 1320 1198 adigat,
1337 1168 1366 1190 ut
1386 1162 1467 1190 alium
1493 1174 1573 1201 quam
1598 1165 1757 1204 Chrysosto-

222 1223 295 1240 mum
317 1222 469 1250 quteramus
494 1217 640 1238 auctorem.
666 1207 845 1236 posteriorem
870 1217 932 1234 vero
956 1213 1067 1244 partem,
1085 1206 1196 1234 salebris
1211 1206 1328 1244 plenam,
1349 1207 1513 1244 intricatam,
1529 1220 1586 1246 quae
1608 1220 1676 1249 saepe
1697 1211 1756 1247 vix,

222 1269 253 1286 ae
269 1269 301 1286 nc
325 1258 372 1286 vix
394 1256 515 1295 quidem,
529 1255 643 1293 intelligi
668 1260 765 1293 potest,
779 1252 872 1280 saltem
897 1258 925 1279 ut
948 1258 1034 1279 exstat
1055 1251 1147 1288 hodie,
1164 1251 1356 1290 Chrysostomo
1377 1252 1584 1291 abjudicandam
1609 1266 1754 1285 censemus.

224 1304 295 1331 Ram
310 1303 397 1342 stylus
408 1302 533 1330 abhorret
545 1313 559 1329 a
574 1300 655 1340 priori
666 1298 794 1327 orationis
809 1304 891 1336 parte.
903 1296 1004 1334 Siquid
1016 1307 1079 1325 vero
1092 1297 1254 1332 enuntiatur,
1266 1297 1338 1334 quod
1352 1298 1387 1326 ad
1398 1309 1489 1327 veram
1503 1300 1560 1338 ejus
1575 1301 1662 1329 exsilii
1672 1302 1755 1331 histo-

222 1349 293 1376 1·iam
308 1349 431 1386 quadret,
449 1347 476 1375 id
490 1353 560 1375 certe
572 1347 607 1374 ita
620 1346 739 1381 remisso,
752 1354 784 1371 ne
796 1342 862 1381 quid
873 1343 942 1370 ultra
956 1343 1100 1381 proferam,
1113 1341 1219 1371 dicendi
1235 1352 1329 1380 genere
1344 1351 1476 1379 narratur,
1488 1351 1517 1372 ut
1531 1345 1570 1373 sas
1585 1356 1639 1373 esse
1654 1357 1705 1375 non
1717 1346 1756 1376 vi-

219 1394 314 1422 deatur
329 1393 356 1421 id
370 1393 563 1432 Clu-ysostomo
577 1391 738 1419 adscribere.
757 1390 833 1416 Certe
854 1388 937 1415 alium
953 1388 1127 1425 quaerendum
1142 1394 1276 1416 auctorem
1291 1399 1346 1416 csse
1364 1388 1457 1417 suadet
1471 1396 1546 1417 vetus
1562 1390 1754 1430 interpretatio,

219 1450 300 1477 quam
311 1439 512 1477 subjungimus,
527 1448 638 1474 quaeque
649 1442 809 1475 postremam
822 1441 905 1461 totam
916 1440 1019 1472 partem
1031 1433 1121 1461 tacuit.
1132 1433 1210 1461 Illam
1221 1444 1284 1461 vero
1297 1434 1510 1472 subjungendam
1520 1436 1683 1473 putavimus,
1694 1437 1756 1475 quia

219 1485 341 1523 quaedam
355 1483 552 1522 complectitur,
567 1493 625 1520 quze
640 1483 665 1509 in
682 1483 776 1510 Graeca
793 1480 860 1508 serie
872 1490 923 1507 non
936 1485 1098 1517 comparent.
1112 1478 1179 1506 Eam
1191 1489 1218 1506 se
1232 1478 1332 1506 vidisse
1345 1487 1533 1508 commemorat
1545 1481 1570 1508 in
1581 1481 1679 1510 Codice
1690 1493 1755 1520 quo—

219 1531 281 1559 dam
294 1530 392 1558 montis
405 1528 506 1557 Cassini
518 1530 595 1557 joan.
607 1526 784 1556 Mabillonius
796 1532 885 1553 noster
897 1525 923 1552 in
939 1525 1035 1552 Itinere
1047 1523 1140 1551 Italico
1150 1535 1176 1562 p.
1188 1525 1254 1559 124,
1268 1524 1314 1551 ubi
1328 1526 1470 1553 Severiano
1481 1526 1755 1566 Gabalorumkinquit

222 1577 283 1612 ille,
299 1574 472 1603 adscribitur.
485 1575 587 1603 Ycrum
603 1571 739 1601 Severiani
753 1581 900 1608 numquam
916 1580 971 1598 esse
986 1569 1073 1608 potuit
1083 1591 1089 1604 ‚
1099 1579 1145 1596 nec
1160 1568 1192 1596 ad
1206 1569 1263 1607 ejus
1278 1569 1417 1597 historiam
1430 1570 1562 1608 quadrare
1575 1572 1654 1601 valet.

259 1620 397 1649 Tilmanui
409 1619 663 1658 interpretationem,
681 1623 773 1655 utpote
788 1618 1013 1655 παραφραστικῶς
1027 1613 1196 1651 adornatam,
1212 1614 1361 1653 rejecimus,
1378 1626 1526 1654 novamque
1540 1617 1703 1655 paravimus.

298 1808 481 1836 HOJIILIA
504 1807 619 1835 ANTE
644 1804 852 1833 EXSJLJUM.
945 1802 980 1850 ‘⁴1¹5
990 1804 1014 1831 T
1016 1804 1065 1831 ΟΥ
1084 1803 1208 1831 ΑΥΤΟΥ
1231 1804 1361 1832 ΟΜΙΛΙΑ
1385 1805 1461 1832 ΠΡΟ
1482 1805 1558 1833 ΤΗΣ
1579 1805 1752 1834 ΕΞΟΡΙΑΣ.

261 1903 288 1930 1,
303 1899 385 1928 Multi
401 1899 497 1927 fluctus
514 1898 612 1926 instant
629 1907 778 1935 gravesque
794 1895 933 1934 procella),
1029 1893 1121 1922 Πολλὰ
1135 1893 1167 1922 τὰ
1183 1894 1290 1931 κύματα
1303 1894 1348 1922 καὶ
1362 1894 1478 1932 χαλεπὸν
1491 1894 1520 1923 τὸ
1535 1894 1754 1924 κλυδώνιον-ἀλλ’

221 1947 267 1975 sed
282 1956 332 1974 non
349 1945 473 1973 timemus
489 1954 521 1971 ne
536 1943 759 1980 submergamur:
774 1952 835 1969 nam
846 1941 871 1968 in
889 1951 934 1979 pe-
989 1940 1017 1966 οὗ
1043 1939 1211 1976 δεδοίκαμεν,
1226 1939 1262 1976 μὴ
1287 1940 1555 1976 καταποντισῡῶμεψ
1572 1940 1615 1968 ἐπὶ
1634 1940 1684 1979 γὰρ
1707 1943 1755 1976 τῆς

220 1999 261 2021 tra
273 1991 451 2020 consistimus.
466 1989 564 2017 Sacviat
578 1999 658 2021 mare,
671 1994 775 2026 petram
789 1986 935 2015 dissolvere
989 1985 1087 2024 πέτρας
1111 1985 1269 2022 ἑστήκαμεν.
1296 1985 1438 2014 Μαινέσῡω
1458 1987 1474 2020 ἡ
1502 1985 1634 2021 θάλασσα,
1655 1987 1754 2025 πέτραν

220 2038 311 2075 nequit
331 2048 336 2063 :
349 2036 487 2072 insurgant
515 2034 624 2069 fluctus,
642 2034 705 2062 Jesu
725 2031 865 2070 navigium
890 2031 935 2059 de-
990 2031 1111 2059 διαλῦσαι
1128 2031 1156 2058 οὐ
1171 2030 1277 2058 δύναται
1287 2042 1293 2047 ·
1308 2030 1448 2068 ἐγειρέσθω
1464 2030 1497 2058 τὰ
1511 2030 1632 2068 κύματα,
1643 2034 1688 2060 τοῦ
1703 2032 1756 2068 Ἰη-

222 2091 340 2119 mergere
356 2090 407 2108 non
428 2078 650 2118 possunt.Quid,
664 2088 763 2115 qumso,
776 2077 936 2105 timeamus?
990 2079 1035 2106 σοῦ
1056 2077 1085 2105 τὸ
1106 2077 1198 2104 πλοῖον
1223 2076 1416 2104 καταποντίσαι
1438 2078 1485 2104 οὐκ
1509 2077 1604 2116 ἰσχύει.
1618 2076 1654 2106 Τί
1674 2078 1756 2106 δεδοί-

224 2125 394 2155 Mortemnci‘
412 2126 488 2152 Mihi
500 2126 599 2153 vivere
613 2125 745 2151 Clu-istus
760 2129 812 2157 est,
826 2128 853 2150 et
863 2123 936 2149 mori
989 2134 1084 2159 καμεν,
1097 2121 1154 2150 εἶπέ
1169 2132 1229 2158 μοι;
1241 2121 1296 2149 Τὸν
1308 2121 1430 2156 οάνατον;
1439 2120 1518 2159 Ἐμοὶ
1529 2122 1559 2150 τὸ
1574 2124 1618 2160 ζῇν
1629 2123 1754 2162 Χριστὸς,

225 2172 393 2200 l11‹:rum.An
402 2168 820 2205 exsiliu¹11‚dicxuiliii‘Domini
833 2173 937 2195 estlet-
989 2167 1034 2195 καὶ
1057 2167 1086 2196 τὸ
1107 2168 1245 2196 ἀποθανεῖν
1270 2166 1367 2205 κέρδος.
1388 2167 1457 2195 Ἀλλ’
1477 2166 1588 2206 ἐξορίαν,
1612 2168 1670 2196 εἰπέ
1693 2180 1754 2206 μοι;

225 2227 260 2244 ra
282 2222 308 2244 «eL
330 2215 481 2252 plenitudo
498 2216 569 2252 ejus.
584 2216 622 2241 An
641 2213 796 2241 facultatum
815 2212 935 2251 publica-
989 2214 1044 2241 Τοῦ
1069 2213 1166 2251 Κυρίου
1187 2215 1204 2246 ἡ
1229 2214 1279 2250 γῆ,
1296 2212 1340 2240 καὶ
1361 2212 1391 2240 τὸ
1411 2212 1544 2251 πλήρωμα
1567 2214 1657 2247 αὐτῆς.
1677 2212 1755 2243 Ἀλλὰ

227 2260 436 2290 tionem?Nil1il
451 2259 602 2287 intulimus
615 2261 646 2286 ιίι
655 2260 805 2292 mundum,
814 2265 935 2286 certum·
988 2258 1134 2298 χρημάτων
1149 2257 1288 2294 δήμευσιν;
1303 2256 1387 2285 Οὐδὲν
1400 2257 1587 2295 εἰσηνέγκαμεν
1599 2258 1635 2289 εἷς
1649 2258 1692 2287 τὸν
1707 2259 1756 2287 κό-

224 2318 279 2345 que
293 2313 334 2334 est
350 2315 401 2333 nos
418 2304 494 2332 nihil
508 2305 576 2331 hinc
596 2305 705 2341 efferre
716 2314 817 2342 posce:
828 2303 935 2332 terribi-
989 2316 1064 2341 σμον,
1077 2304 1153 2338 δῆλον
1176 2303 1216 2331 ὅτι
1238 2302 1309 2330 οὐδὲν
1337 2301 1478 2339 ἐξενεγκεῖν
1499 2303 1641 2339 δυνάμεθα·
1660 2303 1706 2332 καὶ
1721 2305 1755 2334 τὰ

222 2353 311 2390 linque
331 2351 411 2389 hujus
439 2348 532 2377 mundi
557 2349 623 2376 mihi
648 2349 783 2387 despectui
807 2356 869 2377 sunt
880 2371 886 2383 ‚
910 2356 934 2377 et
953 2357 969 2379 B
990 2349 1088 2388 φοὸερὰ
1118 2352 1162 2377 τοῦ
1189 2348 1288 2385 κόσμου
1314 2347 1372 2384 ἐμοὶ
1397 2347 1629 2387 εὐκαταφρόνητα,
1653 2349 1698 2378 καὶ
1719 2350 1753 2378 τὰ

222 2399 291 2426 bona
313 2398 369 2435 ejus
392 2396 446 2423 risu
463 2394 553 2432 digua.
567 2395 625 2421 Non
642 2400 825 2432 paupertatem
840 2395 931 2431 timeo,
988 2394 1092 2433 χρηστὰ
1114 2393 1307 2431 καταγέλαστα.
1323 2394 1361 2420 Οὐ
1382 2393 1473 2420 πενίαν
1495 2393 1613 2427 δέδοικα,
1629 2395 1656 2421 οὐ
1671 2397 1752 2423 πλοῦ-

223 2454 273 2472 non
296 2441 405 2471 divitias
431 2439 588 2477 concupisco
602 2450 607 2465 τ
621 2449 673 2466 non
700 2445 810 2466 mortem
832 2446 930 2473 mctuo,
987 2451 1029 2467 τον
1050 2441 1188 2476 ἐπιθυμῶ·
1203 2440 1231 2466 οὐ
1246 2438 1355 2465 θάνατον
1372 2437 1517 2476 φοὸοῧμαι,
1532 2440 1561 2466 οὐ
1583 2440 1659 2472 ζῆσαι
1679 2439 1752 2478 εὔχο-

222 2499 269 2517 nec
282 2488 373 2517 vivere
385 2492 457 2525 opto,
467 2485 516 2513 nisi
527 2484 560 2512 ad
573 2484 718 2523 proiectum
730 2490 855 2512 vestrum.
868 2484 931 2513 Ideo
989 2497 1050 2521 μαι,
1067 2486 1089 2512 εἷ
1106 2484 1142 2522 μὴ
1159 2483 1201 2512 διὰ
1216 2483 1262 2518 τὴν
1278 2482 1405 2520 ὑμετέραν
1423 2483 1569 2521 προκοπήν.
1587 2484 1634 2512 Διὸ
1656 2485 1700 2513 καὶ
1719 2485 1752 2513 τὰ
