1840 2839
746 161 881 184 lamsTot.
890 162 909 184 F.
916 176 922 182 .

74 223 230 261 τιμιώτατον
246 224 289 252 καὶ
301 223 488 253 ameneio-wrm
505 223 651 262 Ἀφραάτην
667 224 838 262 προσηλωμέ-

73 282 114 298 νον
129 271 206 308 ἠμῑν,
219 270 263 298 καὶ
278 271 324 298 οὐκ
343 271 499 309 ἀνεχόμενον
516 270 573 298 οὔτε
594 272 694 308 ἀπᾶραι
713 272 837 303 ἐντεῦθεν,

72 316 117 344 καὶ
130 317 285 345 ἀπειλοῦντα
302 316 369 354 μήτε
381 316 526 354 γράμματα
538 317 658 355 δέχεσθαι
672 318 734 355 παρ’
749 319 836 354 ἡμῶν,

1538 165 1553 172 .-
1570 155 1603 177 t.,

1541 188 1547 198 Ι
1562 173 1578 196 l
1591 181 1599 198 s

894 222 1145 252 reverendissimum
1189 235 1219 252 ac
1254 225 1482 261 religiosissimum
1516 225 1604 253 virum

894 268 1054 307 Apliraatcm
1068 269 1103 297 ita
1129 269 1205 297 nobis
1216 270 1329 298 aslixuni
1342 281 1397 297 esse
1413 271 1604 310 conspuerent,

895 319 923 341 ut
945 323 991 342 nec
1017 314 1078 342 hinc
1092 314 1165 343 abire
1186 315 1274 351 vellet,
1300 326 1346 343 uec
1367 316 1457 344 litei-:is
1470 316 1577 354 quidem
1592 327 1607 344 a

73 363 94 390 εἰ
120 361 155 399 μὴ
178 361 339 399 ἀπολάῧοιμι
358 361 391 390 τὰ
415 361 596 391 ἀποσταλέντα
606 385 613 397 ‚
628 362 742 397 ἐπέθηκα
757 362 836 391 τύπον
848 379 882 397 ⁶2¹
895 359 971 387 nobis
985 367 1156 399 accepturum
1168 371 1195 389 se
1203 372 1258 389 esse
1270 361 1425 397 minaretur,
1435 362 1484 390 uisi
1498 373 1607 390 uniuera

72 408 110 445 τῷ
124 407 260 446 πράγματι
275 407 374 446 σφόδρα
390 407 578 446 κεχαρισμένον
594 410 625 446 τῇ
649 407 764 447 εὐγενείᾳ
782 419 838 443 σου,
858 409 876 429 Λ
894 416 932 440 ca,
947 416 1005 443 quan
1030 406 1063 433 ad
1087 416 1133 434 nos
1158 406 1285 444 misisses,
1312 407 1482 446 accepissem,
1499 415 1606 447 typum,

71 453 115 481 καὶ
131 453 297 482 ἀναπαύοντά
318 465 363 482 σου
384 454 430 489 τὴν
453 453 609 492 ἐμμέλειαν,
629 454 655 482 ὃν
678 455 739 492 παρ’
761 455 837 482 αὐτοῦ

72 498 173 536 μαθὼν,
186 500 307 528 κέλευσον
324 499 442 528 διάκονον
453 500 571 537 γενέσθαι
586 502 632 535 τῆς
644 502 726 535 καλῆς
742 500 840 535 ταύτης

72 544 228 582 οἰκονομίας.
243 540 329 574 Οἶσθα
345 544 394 584 γὰρ
414 545 504 580 ἡλίκον
526 544 599 574 ἔσται
619 549 664 574 τοῦ
685 545 840 584 πράγματος

71 590 102 618 τὸ
119 589 208 629 κε’ρδος
223 590 266 618 καὶ
280 590 323 619 διὰ
343 593 389 626 τῆς
407 590 551 629 παρουσίας
570 590 661 620 τούτου
675 593 721 625 τῆς
742 593 778 623 εἷς
792 591 839 625 τὴν

71 635 211 672 Φοινίκην,
230 637 273 665 καὶ
288 636 331 665 διὰ
346 639 392 671 τῆς
414 636 564 676 φιλοτιμίας
585 639 631 671 τῆς
655 638 702 670 σῆς
723 637 839 674 μεγαλο-

72 681 208 720 πρεπείας.
220 683 272 710 Καὶ
287 681 440 722 ἀμφοτέρων
450 681 547 710 τούτων
562 682 637 714 αὐτὸς
651 682 722 721 λήψῃ
738 682 780 710 τὸν
793 693 840 719 μι-

72 727 149 763 σθὸν,
170 727 216 756 ἅτε
242 728 371 763 τοσαύτην
392 727 526 766 δαψίλειαν
551 727 759 765 ἐπιδεικνύμενος
780 727 841 767 περὶ

72 772 132 806 τοὺς
152 774 178 801 ἐν
206 773 319 811 Φοινίκῃ
344 775 525 811 κατηχοῦντας
546 772 605 805 τοὺς
627 772 776 808 ’Ἐλληναςῃ
797 773 840 801 καὶ

73 818 132 858 περὶ
155 818 202 853 τὴν
226 818 364 856 οἰκοδομὴν
387 819 438 846 τῶν
466 819 612 853 ἐκκλησιῶν
635 819 840 855 ἐσπουδακότας,

72 863 118 892 καὶ
132 864 215 903 ἄνδρα
232 867 346 893 τοιοῦτον
362 863 527 899 ἀναστήσας,
546 863 592 892 καὶ
607 864 714 903 πέμψας
731 865 765 897 εἷς
784 876 840 894 πα-

73 908 200 947 ράκλησιν
213 910 310 944 αὐτῶν,
327 908 373 937 καὶ
387 909 503 946 μάλιστα
515 913 558 938 νῦν
576 910 603 938 ἐν
623 909 738 949 τοσαύτῃ
752 911 841 939 8quoe

72 954 117 994 λίᾳ
130 954 330 990 καθεστηκότων
341 976 348 990 ,
362 954 406 983 καὶ
418 954 492 994 παρὰ
506 956 610 984 πολλῶν
627 955 840 994 πολεμουμένων.

73 999 217 1034 Ἐννοῆσας
238 999 322 1029 τοίνυν
342 1003 387 1029 τοῦ
410 1000 612 1040 κατορθώματος
629 1000 672 1030 τὸν
692 1002 782 1040 ὄγκον,
804 1001 841 1039 μὴ

74 1047 141 1084 ἀφῇς
158 1045 224 1083 μηδὲ
244 1045 336 1085 μικρὸν
351 1046 427 1075 αὐτὸν
446 1046 660 1081 ἀναὸάλλεσθαι,
680 1048 737 1076 ἀλλ’
762 1048 843 1085 ἀμελ-

73 1090 134 1126 λητὶ
145 1093 192 1126 τ’ἧς
205 1092 264 1120 ὁδοῦ
276 1091 372 1126 ταύτης
383 1091 500 1131 ἅψασθαι
519 1092 727 1130 παρασκεύασον,
741 1093 842 1128 πολλὴν

73 1137 163 1175 σαυτῷ
178 1136 220 1165 διὰ
235 1138 282 1171 τῆς
300 1139 382 1172 καλῆς
402 1137 500 1172 ταύτης
516 1138 640 1173 σπουδῆς,
663 1138 777 1167 δέσποτά
793 1150 842 1176 μου

74 1181 287 1219 θαυμασιώτατε,
296 1183 532 1223 προαποτιθέμενος
540 1183 611 1223 παρὰ
621 1185 658 1222 τῷ
667 1183 842 1223 φιλανθρώπῳ

74 1228 137 1266 Θεῷ
148 1227 195 1263 τὴν
210 1228 331 1267 ἀμοιὸήν.

371 1505 418 1535 ν6’.
436 1507 546 1547 Ἀδολία.

117 1596 182 1626 Ὅτι
195 1597 241 1635 μὲν
256 1597 444 1637 ἠῤῥώστησας,
461 1598 576 1637 ἔγνωμεν
586 1622 593 1628 ,
608 1600 652 1628 καὶ
667 1600 707 1629 ὅτι
721 1598 844 1639 χαλεπῶς

78 1642 265 1682 ἠῤῥώστησας,
280 1643 325 1672 καὶ
340 1645 404 1682 πρὸς
420 1645 499 1677 αὐτας
518 1641 593 1680 ἦλθες
603 1648 647 1674 τοῦ
666 1646 776 1675 Θανάτου
797 1647 844 1679 τὰς

75 1689 160 1722 πύλας
171 1700 176 1706 ·
192 1688 260 1718 ἀλλὰ
271 1689 315 1718 καὶ
328 1689 368 1718 ὅτι
380 1689 523 1728 ἀνήνεγκας
535 1692 564 1719 ἐκ
577 1693 622 1726 τῆς
635 1692 790 1730 ἀῤῥωστιάς,
799 1693 843 1721 καὶ

77 1737 122 1763 τοῦ
133 1734 251 1763 κινδύνου
262 1734 352 1763 λοιπὸν
367 1736 550 1774 ἀπαλλαγεῖσα
560 1736 625 1776 πρὸς
640 1737 727 1776 ὑγείαν
738 1739 843 1771 ὁδεύεις.

76 1780 146 1809 Ἀλλ’
162 1781 191 1809 οὐ
204 1780 277 1819 παρὰ
287 1782 338 1809 τῶν
351 1782 403 1809 σῶν
413 1781 578 1820 γραμμάτων
590 1782 686 1821 ἔμαθόν
700 1795 725 1812 τι
736 1784 844 1819 τούτων,

78 1826 117 1855 διὸ
129 1825 174 1854 καὶ
188 1825 286 1865 σφόδρα
296 1826 402 1865 ἤλγησα
412 1838 418 1844 ·
433 1827 491 1855 ἀλλ’
505 1827 639 1866 ἑτέρωθεν,
655 1829 701 1857 καὶ
714 1831 777 1868 παρ’
791 1830 845 1859 {rest

79 1882 140 1911 ρων.
158 1870 233 1906 Πλὴν
253 1872 327 1909 ἀρκεῖ
346 1873 382 1904 εἷς
399 1872 567 1910 παραμυθίαν
583 1875 646 1911 ἡμῖν
661 1874 690 1902 τὸ
703 1877 750 1910 τῆς
763 1877 845 1914 &550³-

78 1915 152 1948 στίας
166 1915 336 1954 ἀπηλλάχθαι
348 1927 393 1944 σου
405 1916 453 1951 τὴν
465 1917 612 1946 εὗλάὸειαν.
625 1920 665 1947 Οὐ
679 1918 742 1957 μὴν,
755 1920 844 1955 ἐπειδὴ

79 1961 165 2000 ἀρκεῖ,
177 1960 268 2000 πράως
279 1960 390 1999 φέρομεν
403 1960 450 1996 τὴν
461 1962 565 2000 μακράν
580 1974 625 1991 σου
640 1963 736 1999 ταύτην
755 1964 843 2003 σιγήν.

79 2007 260 2045 Ἐὅουλόμεθα
284 2007 348 2046 γὰρ,
374 2008 492 2048 καθάπερ
522 2009 566 2037 καὶ
593 2010 659 2045 αὐτὴ
684 2005 772 2047 οἶσθα,
801 2012 846 2040 καὶ

79 2052 293 2091 παραγενομένην
312 2055 422 2082 ἐνταῦθα
437 2055 508 2082 ἰδεῖν.
524 2055 577 2083 Καὶ
595 2055 646 2095 γὰρ
660 2057 681 2084 εἷ
697 2057 733 2093 μὴ
757 2058 845 2096 ἀῤῥω-

79 2098 147 2138 στία-
161 2097 334 2137 παρενέπεσε,
356 2099 386 2127 τὸ
410 2099 508 2128 κωλύον
525 2100 597 2129 οὐδὲν
621 2097 662 2136 ἦν.
683 2101 721 2130 Ὄ
746 2114 774 2130 τε
796 2103 846 2142 γὰρ

78 2143 180 2183 χειμὼν
203 2145 216 2171 ὁ
232 2145 343 2172 ἐνταῦθα
367 2144 414 2183 ἔαρ
436 2145 606 2184 ἡμερώτατον
628 2146 693 2180 τέως
712 2153 846 2185 μιμεῖται,

79 2191 131 2217 τῶν
146 2200 174 2218 τε
194 2189 319 2228 Ἰσαύρων
333 2191 349 2224 ἡ
365 2190 487 2229 Ἀρμενία
504 2192 681 2226 ἀπήλλακται.
697 2192 765 2222 Ἀλλ’
777 2193 849 2231 ὅμως

77 2233 151 2263 οὐδὲν
171 2235 368 2273 ἀναγκάζομεν,
388 2236 446 2265 οὐδὲ
468 2237 612 2275 βιαζόμεθα
631 2238 667 2276 μὴ
689 2239 849 2277 βουλομένην

78 2279 144 2319 ὑπὲρ
160 2282 207 2315 τῆς
227 2282 337 2309 ἐνταῦθα
357 2282 509 2321 παρουσίας.
530 2283 675 2324 Ἀλλ’ὅπερ
693 2284 752 2313 οὔτε
765 2285 851 2314 'lwd-

81 2337 131 2365 ρων
147 2325 240 2365 φόὸος,
257 2326 316 2355 οὔτε
331 2329 460 2365 χειμῶνος
476 2328 630 2368 σφοδρότης,
649 2329 708 2358 οὔτε
727 2330 786 2359 ὁδοῦ
799 2342 849 2358 τα-

79 2371 226 2411 λαιπωρία,
241 2372 292 2401 οὔτ’
308 2373 372 2401 ἄλλο
383 2373 476 2403 ὀὐδὲν
497 2374 609 2411 κωλύει,
630 2378 707 2404 τοῦτο
728 2377 850 2414 αἰτοῦμεν

81 2419 197 2455 συνεχῶς
227 2419 291 2455 ἡμῖν
321 2418 450 2457 ὑπάρχειν
460 2442 467 2453 ,
497 2419 531 2448 τὰ
559 2420 723 2460 γράμματα,
746 2421 778 2449 τὰ
805 2424 852 2456 τῆς

83 2463 180 2500 θερμῆς
199 2473 244 2491 σου
264 2463 309 2492 καὶ
329 2464 438 2502 γνησίας
459 2464 606 2498 διαθέσεως.
617 2464 670 2495 Ἦν
687 2466 737 2506 γὰρ
754 2467 851 2496 τούτων

118 2549 126 2558 ³
146 2542 200 2566 Duo
214 2543 268 2567 Mss
281 2546 341 2569 οὐδὲν
353 2546 477 2570 &tund-Lesa

895 451 940 488 qui
961 457 1011 479 tua:
1031 451 1164 479 nobilitati
1180 453 1296 481 maxime
1309 460 1400 491 gratus
1419 454 1533 490 futurus,
1549 453 1608 481 :iui—

895 507 1022 534 muniqne
1033 504 1108 525 tuuni
1120 505 1284 526 recreaturus
1297 499 1340 535 sit,
1352 499 1414 527 liuic
1427 499 1463 527 rei
1476 499 1606 538 imposui:

893 552 973 579 quem
986 549 1014 570 tu
1036 553 1096 571 euni
1111 554 1143 571 cx
1156 543 1214 582 ipso
1229 545 1402 581 intellexeris,
1417 556 1476 573 eum
1488 545 1609 583 pra-clari

895 587 1006 626 hujusce
1029 589 1132 616 consilii
1157 589 1344 619 administrum
1377 591 1434 619 sieri
1457 592 1530 630 julae.
1557 592 1611 619 Nec

894 633 966 660 enim
991 639 1016 660 te
1027 633 1105 671 sugit,
1119 641 1218 671 quanta
1234 635 1316 673 liujus
1334 636 1370 664 rci
1394 636 1494 664 utilitas
1519 637 1609 664 sutura

895 678 940 713 sit,
956 685 1013 706 tum
1027 679 1061 707 ob
1076 679 1160 718 ipsius
1181 680 1207 708 in
1225 680 1360 710 Plioeuieia
1378 681 1535 717 adventumy
1553 689 1609 710 tum

895 724 930 752 ob
944 731 1018 753 tuam
1033 725 1223 755 liberalitatem
1238 737 1269 755 ac
1291 728 1512 756 munificentiam.
1524 730 1610 766 Atque

895 771 1035 809 utriusque
1055 771 1136 810 hujus
1157 772 1195 800 rei
1222 772 1369 802 mercedem
1385 773 1441 812 ipse
1457 774 1544 813 capies
1559 786 1564 801 ε
1582 781 1611 803 ut

895 816 940 854 qni
958 826 1019 855 erga
1029 827 1083 853 eos,
1098 817 1145 855 qui
1161 817 1187 846 in
1202 817 1337 847 Phcenicia
1351 818 1461 857 gentiles
1477 818 1611 847 Christia—

896 872 936 890 nae
950 862 1013 890 fidei
1028 862 1188 892 rudimentis
1198 863 1334 899 imbuunt,
1349 871 1428 902 atque
1438 864 1611 893 ecclesiarum

896 907 1084 936 constructioni
1109 918 1217 947 operam
1242 909 1411 948 impendunt,
1441 910 1611 938 liberalitatis

895 959 947 981 tuae
974 953 1106 992 specimen
1127 954 1256 991 edideris,
1272 965 1303 983 ac
1328 961 1455 994 prseterea
1477 955 1611 994 ejusmodi

895 998 984 1027 virum
998 999 1132 1035 excitaris,
1147 999 1181 1028 ad
1195 1010 1290 1038 eosque
1303 1000 1480 1029 consolandos
1491 1001 1611 1029 miseris:

896 1054 967 1073 nunc
981 1044 1127 1083 praesertim
1138 1055 1199 1073 cum
1214 1045 1322 1073 intanta
1332 1045 1493 1074 difficultate
1504 1056 1611 1074 versan—

895 1096 950 1127 tur,
966 1096 1046 1128 atque
1065 1100 1080 1118 a
1093 1090 1186 1118 multis
1209 1097 1410 1130 oppugnantur.
1429 1091 1612 1125 Quamobrem

895 1135 1058 1164 considerata
1081 1135 1203 1174 praeclari
1218 1136 1330 1175 hujusce
1354 1137 1452 1175 negotii
1474 1137 1612 1175 magnitu-

895 1178 969 1215 dine,
995 1188 1027 1206 ne
1052 1189 1114 1206 eum
1140 1179 1184 1207 vel
1204 1179 1342 1208 tantillum
1367 1181 1485 1209 cunctari
1508 1187 1610 1219 patere,

896 1234 990 1253 verum
1004 1224 1055 1252 hoc
1067 1224 1153 1260 effice,
1168 1231 1198 1253 ut
1213 1225 1288 1254 nulla
1306 1225 1460 1265 interposita
1475 1236 1549 1254 mora
1563 1226 1614 1255 hoc

897 1270 946 1298 iter
970 1270 1097 1309 suscipiat
1112 1282 1117 1298 z
1133 1270 1172 1299 sic
1190 1271 1261 1299 enim
1281 1271 1343 1307 tibi,
1362 1271 1471 1299 domine
1486 1272 1523 1299 mi
1537 1282 1613 1300 sum-

897 1326 1003 1355 mopere
1027 1315 1192 1351 admirande,
1212 1327 1258 1355 per
1289 1317 1423 1355 egregiam
1454 1317 1612 1356 hujusmodi

895 1371 1014 1399 operam,
1027 1361 1146 1400 amplam
1160 1361 1231 1400 apud
1247 1361 1391 1400 benignum
1407 1363 1493 1391 Deum
1508 1372 1605 1390 merce-

897 1406 959 1434 dem
974 1406 1107 1436 recondes

1158 1507 1223 1536 LII.
1238 1507 1367 1536 Adolioe.

938 1599 1018 1634 Quod
1025 1599 1051 1627 in
1059 1599 1184 1628 morbum
1195 1599 1332 1637 incideris,
1343 1600 1503 1637 didicimus,
1515 1608 1539 1629 et
1552 1602 1610 1640 qui·
1621 1608 1706 1630 cucuso
1722 1615 1762 1628 an-

898 1645 959 1674 dem
974 1645 1009 1673 ita
1027 1655 1136 1684 gravem
1150 1651 1175 1673 et
1186 1645 1322 1679 acerbum,
1336 1652 1366 1673 ut
1377 1645 1412 1674 ad
1422 1645 1491 1685 ipsas
1506 1657 1612 1685 quoqne

899 1691 993 1720 mortis
1005 1697 1096 1730 portas
1104 1691 1244 1719 accesseris
1249 1702 1257 1728 ;
1266 1691 1365 1719 scimus
1372 1691 1452 1720 etiam
1462 1698 1487 1720 te
1497 1702 1511 1720 e
1520 1693 1614 1721 morbo

899 1738 1074 1774 convaluisse,
1090 1748 1120 1766 ac
1136 1737 1255 1777 periculo
1264 1738 1321 1777 jam
1335 1738 1476 1766 liberatam
1495 1738 1531 1766 ad
1544 1739 1615 1766 sani-

899 1791 980 1812 tatem
999 1783 1134 1822 progredi.
1160 1785 1196 1811 At
1222 1793 1256 1811 ex
1282 1783 1335 1810 tuis
1361 1783 1446 1811 literis
1469 1783 1538 1811 nihil
1566 1783 1613 1812 ho-

899 1839 959 1858 rum
982 1828 1119 1865 intellexi,
1145 1827 1257 1865 ideoque
1279 1826 1426 1855 admodum
1448 1827 1523 1855 dolui
1531 1839 1540 1865 5
1568 1839 1613 1857 ve-

899 1885 961 1904 rum
982 1873 1103 1910 aliunde,
1129 1880 1208 1911 atque
1229 1873 1264 1901 ab
1289 1873 1359 1901 aliis.
1385 1873 1517 1902 Caeterum
1543 1874 1614 1903 illud

900 1921 977 1950 nobis
992 1920 1026 1949 ad
1037 1919 1243 1948 consolationem
1253 1919 1360 1948 abunde
1373 1926 1422 1957 est,
1434 1919 1505 1957 quod
1519 1931 1532 1949 e
1542 1931 1613 1950 mor-

899 1967 934 1995 bo
945 1965 1090 1994 emerseris.
1105 1964 1164 1992 Etsi
1182 1971 1271 1993 autem
1286 1965 1313 1993 id
1328 1965 1405 1993 nobis
1419 1965 1546 2004 sufficiat,
1561 1977 1613 1995 non

900 2018 1038 2052 propterea
1063 2017 1153 2046 tamen
1170 2010 1281 2049 longum
1310 2010 1361 2039 hoc
1380 2017 1458 2039 tuum
1477 2012 1614 2041 silentium

900 2057 1007 2098 placido
1021 2056 1110 2084 animo
1120 2055 1238 2085 serimus.
1260 2056 1400 2085 Vcllemus
1415 2056 1496 2093 enim,
1513 2064 1542 2085 ut
1555 2057 1613 2096 ipsa

900 2113 1004 2143 quoque
1012 2102 1090 2139 nosti,
1106 2109 1131 2130 te
1141 2101 1194 2129 huc
1204 2101 1354 2130 venientem
1367 2112 1481 2130 cerneie.
1494 2104 1534 2130 Ae
1543 2113 1613 2139 sane,

902 2149 954 2178 nisi
968 2147 1077 2177 morbus
1096 2146 1245 2183 accidisset,
1259 2146 1328 2175 nihil
1343 2154 1399 2175 erat
1413 2147 1483 2185 quod
1499 2147 1614 2187 impedi-

902 2201 951 2223 ret.
973 2194 1042 2222 Nam
1064 2199 1090 2220 et
1103 2192 1185 2231 hujus
1200 2192 1317 2230 regionis
1341 2192 1426 2221 hiems
1440 2193 1613 2222 amoenissimi

902 2239 973 2269 veris
999 2238 1115 2277 speciem
1139 2237 1268 2266 hactenus
1288 2237 1418 2274 imitatur,
1446 2245 1472 2266 et
1488 2239 1613 2267 Armenia

903 2284 1002 2314 Isauris
1012 2283 1123 2312 liberata
1135 2290 1181 2312 est.
1196 2284 1328 2319 Attamen,
1345 2290 1373 2311 ut
1391 2283 1445 2311 huc
1459 2284 1560 2321 venias,
1573 2285 1614 2313 in-

903 2330 987 2359 vitam
1008 2340 1038 2358 ac
1051 2335 1243 2369 repugnantem
1263 2329 1374 2357 minime
1390 2329 1519 2367 cogimus.
1535 2330 1615 2365 Quod

903 2382 992 2404 autem
1011 2385 1059 2404 nec
1080 2375 1233 2403 Isaurorum
1258 2381 1345 2402 metus
1368 2384 1415 2402 nee
1436 2374 1532 2403 hiemis
1548 2376 1617 2404 acri-

904 2421 1004 2458 monia,
1017 2431 1065 2449 nec
1076 2420 1178 2449 itineris
1186 2430 1315 2457 aerumna,
1328 2429 1375 2448 nec
1383 2420 1459 2448 aliud
1470 2420 1616 2459 quidquam

907 2466 1030 2506 impedit,
1045 2466 1096 2495 hoc
1121 2466 1246 2505 petimus,
1262 2465 1390 2494 nimirum
1406 2472 1434 2493 ut
1451 2476 1465 2493 a
1480 2472 1516 2503 te,
1542 2467 1617 2505 cuju<

1446 2579 1485 2604 4⁸.

1622 1648 1650 1660 no
1663 1644 1685 1660 ut
1700 1644 1762 1666 put-*i-

1624 1676 1658 1692 tur
1677 1669 1731 1698 404.
