1830 2829
523 167 554 188 ΙΝ
581 165 696 196 ΙΜΛῙΙ),
726 166 756 188 ΙΝ
786 166 909 188 mett-m
938 166 1045 189 l'ETssO
1073 167 1214 190 tttzs'rt't't.

96 227 143 262 τὴν
158 227 326 265 ἐπιτίμησιν,
339 228 373 260 ὡς
386 227 443 260 τοὺς
460 227 484 260 ἐξ
499 228 578 256 ἐθνῶν
599 228 719 260 ἕλκοντος
732 228 796 267 πρὸς
814 228 862 263 τὴν

875 254 910 272 377

1563 162 1635 206 sisio

918 238 1094 257 communem.
1110 229 1138 258 Si
1153 230 1224 258 enim
1245 237 1378 269 tamquam
1395 231 1492 260 docens
1510 232 1543 260 ab
1559 233 1635 262 initio

97 275 148 302 τῶν
171 273 288 312 νομίμων
309 273 507 313 παρατήρησιν,
532 273 647 302 ἓκὸαίνει
669 274 758 303 λοιπὸν
781 275 863 307 ἀδεῶς
882 283 901 305 Λ
917 274 973 303 haec
1002 274 1203 311 introduxisset,
1221 285 1272 305 non
1299 276 1422 305 tulissent
1453 277 1558 314 Ju‹lu:i;
1577 280 1633 317 jam

97 321 132 351 εἰς
144 320 297 359 παραίνεσιν
312 318 356 348 καὶ
369 319 530 357 συμέουλὴν,
546 321 580 352 ὡς
593 322 639 355 τῆς
653 320 806 353 ἀκολουθίας
820 320 863 349 ἐπὶ

95 368 172 396 τοῦτο
193 365 306 404 ἀγούσης
326 364 411 394 αὐτόν.
430 364 489 394 Ἵνα
504 365 554 404 γὰρ
574 366 610 404 μή
629 378 668 398 τις
682 366 809 401 ἀκούσας,
823 366 863 394 ὅτι

97 411 139 440 Τὰ
163 411 222 445 ἔθνη
245 411 398 449 ἀναγκάζεις
423 411 575 446 ἰουδαΐζειν,
596 411 690 450 νομίσῃ
711 412 751 440 ὅτι
776 411 863 450 μόνοις

95 456 201 488 ἐκείνοις
212 456 259 484 οὐκ
273 456 371 490 ἔξεστιν
384 457 528 493 ἰουδαΐζειν,
539 461 591 489 τοῖς
607 458 633 486 δὲ
647 458 779 490 Ἰουδαίοις
791 459 862 497 ἐφεῖ-

94 513 146 536 ται,
164 502 199 534 εἷς
214 501 305 534 αὐτοὺς
318 500 376 534 τοὺς
389 503 560 535 διδασκάλους
581 503 623 532 τὸν
635 503 710 541 λόγον
722 503 861 542 περιίστη-

95 559 131 576 σι.
146 547 181 576 Τί
194 547 272 586 λέγω,
288 548 367 587 φησὶ,
383 548 443 587 περὶ
462 550 550 585 ἐθνῶν,
565 549 581 584 ἢ
606 551 657 578 τῶν
676 551 774 578 λοιπῶν
793 550 861 578 Ἰου-

94 592 188 628 δαίων;
201 593 279 622 Ἀλλὰ
299 593 343 622 καὶ
354 596 430 632 ἡμεῖς
451 595 473 623 οἱ
490 595 657 629 διδάσκαλοι,
669 597 744 632 ἡμεῖς
757 595 780 624 οἱ
793 595 860 623 ἀπό-

93 639 190 667 στολοι.
206 638 258 667 Καὶ
272 640 300 668 οὐ
317 641 393 668 τοῦτο
404 638 474 678 λέγει
490 640 566 678 μόνον
578 640 607 668 τὸ
619 640 749 678 δικαίωμα
758 662 765 675 ,
783 641 823 669 ὅτι
837 643 860 669 οἱ

93 684 245 713 διδάσκαλοι
257 685 301 713 καὶ
317 686 339 713 οἱ
353 685 510 721 ἀπόστολοι,
523 686 580 714 ἀλλ’
594 685 633 714 ὅτι
644 685 688 714 κα“·1
708 687 731 714 οἱ
747 687 776 714 ἐκ
792 697 859 725 προ-

92 729 173 767 γόνων
190 731 310 759 Ἰουδαῖοι
322 731 442 764 καθάπαξ
453 730 605 769 ἀπέστημεν
617 734 662 760 τοῦ
675 732 763 770 νόμου.
776 732 858 761 Ποίαν

92 771 134 804 οῦν
151 776 245 815 ἔχομεν
269 776 428 815 ἀπολογίαν,
442 777 544 816 ἑτέρους
568 778 605 810 εἰς
625 779 701 807 τοῦτο
725 778 858 814 ἕλκοντες,

91 821 172 861 Ὁρᾷς
190 823 246 854 πῶς
260 822 437 855 λανθανόντως
458 825 509 851 τῶν
530 823 662 852 Ἰουδαίων
681 823 858 860 καθάπτεται,

91 867 134 895 καὶ
148 867 196 903 τὴν
216 867 385 897 διδασκαλίαν
407 869 557 904 συντίθησιν
579 869 794 909 ἀπηρτισμένην;
809 872 858 899 Εἰ-

90 912 147 941 πὼν
161 912 230 952 γὰρ,
252 913 346 952 Ἡμεῖς
361 913 435 953 φύσει
457 915 593 950 Ἰουδαῖοι,
613 915 657 943 καὶ
673 916 720 944 οὐκ
739 915 765 949 ἐξ
779 917 858 944 ἐθνῶν

90 958 257 998 ἁμαρτωλοί·
277 960 321 988 καὶ
338 959 423 988 αἰτίαν
437 959 538 996 τίθησιν
558 961 678 999 εὔλογον,
694 962 727 990 δι’
745 962 777 996 ἣν
792 962 858 991 ἀπέ-

91 1015 189 1040 στησαν
211 1008 256 1034 τοῦ
281 1005 461 1044 ’Ῑουδαῖσμοῒν
478 1007 584 1040 Εἷδότες
604 1007 642 1035 ὅτι
665 1008 693 1036 οὖ
713 1008 858 1037 δικαιοῦται

89 1050 223 1089 ἅνθρωπος
238 1050 264 1084 ἐξ
284 1050 365 1090 ἔργων
385 1051 478 1089 νόμου,
495 1054 518 1081 εἷ
534 1052 570 1091 μὴ
585 1052 626 1081 διὰ
645 1053 758 1086 πίστεως
771 1054 858 1090 Ἰησοῦ

90 1095 221 1134 Χριστοῦ·
232 1096 276 1124 καὶ
286 1098 361 1134 ἡμεῖς
370 1098 405 1129 εἰς
418 1098 532 1136 Χριστὸν
543 1097 644 1133 Ἰησοῦν
655 1099 857 1138 ἐπιστεύσαμεν,

89 1140 130 1168 ἰ’να
154 1141 332 1179 δικαιωθῶμεν
353 1142 382 1170 ἐκ
404 1142 516 1176 πίστεως
539 1144 672 1183 Χριστοῦ,
698 1145 742 1174 καὶ
761 1147 808 1174 οὐκ
830 1146 858 1179 ἐξ

91 1186 172 1224 ἔργων
187 1186 266 1224 νόμου
276 1199 281 1204 ·
299 1187 363 1216 διότι
377 1188 406 1217 οὐ
423 1189 569 1218 δικαιοῦται
581 1191 715 1229 ἅνθρωπος
729 1190 755 1225 ἐξ
774 1191 855 1231 ἔργων

90 1232 178 1269 νόμου,
190 1234 211 1261 εἰ
226 1232 262 1271 μὴ
278 1232 318 1261 διὰ
333 1233 444 1268 πίστεως
461 1235 547 1271 Ἰησοῦ
562 1236 687 1274 Χριστοῦ.

127 1551 208 1591 Ὁρᾷς
227 1553 282 1586 πῶς
297 1555 411 1593 συνεχῶς
422 1554 467 1583 καὶ
485 1555 531 1589 τῆς
551 1554 685 1588 ἀσθενείας
703 1558 749 1585 τοῦ
773 1556 851 1595 νόμου

87 1598 258 1636 μνημονεύει,
273 1599 377 1634 καὶτῆς
400 1599 468 1628 κατὰ
489 1599 537 1635 τὴν
558 1600 647 1629 πίστιν
670 1602 850 1640 δικαιοσύνης;

86 1644 139 1673 Καὶ
152 1646 254 1677 πυκνῶς
270 1645 377 1684 στρέφει
388 1645 421 1674 τὰ
435 1645 560 1684 ὀνόματα,
573 1646 636 1686 ὅπερ
650 1649 697 1676 οὐκ
707 1647 777 1677 ἔστιν
789 1650 849 1679 ε’πι-

85 1690 228 1727 τιμῶντος,
253 1690 321 1719 ἀλλὰ
345 1691 526 1727 διδάσκοντος,
552 1692 596 1721 καὶ
616 1693 849 1731 συμῧουλεύοντος.

84 1734 164 1771 Ἀλλ’,
177 1735 239 1775 ὅπερ
253 1736 325 1775 ἔφην,
342 1738 364 1765 εἰ
380 1737 426 1775 μὲν
440 1737 504 1776 πρὸς
522 1738 661 1772 Ἰουδαίους
678 1741 850 1780 ἀποτεινόμε-

83 1791 125 1813 νος
138 1783 222 1809 ταῦτα
243 1781 315 1820 ἔλεγε
326 1803 334 1819 ,
348 1783 377 1811 τὸ
392 1787 443 1812 πᾶν
468 1783 499 1811 ἂν
514 1784 618 1823 διερρύη
645 1785 689 1814 καὶ
712 1786 848 1825 ἀπώλετο,

83 1827 130 1855 οὐκ
151 1827 316 1866 ἀνεχομένων
339 1829 443 1858 ἐκείνων
473 1831 522 1864 τῆς
550 1829 641 1859 τούτου
668 1832 849 1867 διδασκαλίας·

82 1872 172 1908 ἐπειδὴ
188 1873 214 1902 δὲ
228 1873 294 1913 πρὸς
308 1874 407 1914 Πέτρον
423 1875 465 1904 τὸν
483 1875 560 1914 λόγον
575 1877 718 1917 ἐπέστρεψε
729 1901 737 1914 ,
753 1880 846 1909 λανθα-

81 1918 175 1951 νόντως
189 1919 281 1948 ἐκεῖνοι
295 1919 343 1955 τὴν
357 1920 483 1960 ὠφέλειαν
498 1922 673 1960 ἐκαρποῦντο,
685 1925 849 1964 ἐπιτιμωμέ-

82 1974 125 1992 νου
139 1963 184 1992 καὶ
198 1967 324 2003 σιγῶντος
337 1968 382 1994 τοῦ
395 1967 512 2006 Πέτρου,
527 1967 571 1996 καὶ
587 1970 635 2002 τῆς
649 1968 757 2007 γνώμης
770 1975 849 2000 αὐτοῦ

81 2008 168 2043 πάσης
194 2010 440 2049 ἐκκαλυπτομένης,
466 2012 525 2051 οὐχὶ
551 2015 613 2052 παρ’
647 2016 755 2050 ἑαυτοῦ,
781 2017 850 2045 ἀλλὰ

80 2055 154 2094 παρὰ
173 2058 218 2084 τοῦ
241 2057 452 2092 συναποστόλου,
476 2058 521 2086 καὶ
546 2061 592 2093 τῆς
615 2062 778 2100 ἀναστροφῆς
801 2064 848 2097 τῆς

80 2101 208 2140 προτέρας
223 2103 259 2134 εἰς
282 2102 360 2140 με’σον
382 2102 521 2141 ἀγομένης.
536 2100 603 2133 Εἶτα
614 2125 621 2139 ,
641 2105 685 2134 ἵνα
699 2106 735 2143 μὴ
750 2106 848 2144 λέγωσι

78 2148 141 2185 παρ’
155 2148 266 2183 ἑαυτοῖς,
282 2147 307 2176 τί
320 2144 364 2176 οὖν
376 2149 399 2176 εἰ
411 2148 455 2176 καὶ
470 2148 570 2188 Πέτρος
588 2150 633 2178 καὶ
644 2152 750 2184 Παῦλος
760 2155 847 2186 κακῶς

78 2191 218 2229 ἐποίησαν;
228 2192 312 2226 αἷτίας
324 2193 425 2226 δικαίας
434 2194 479 2222 καὶ
490 2196 737 2234 ἀναμφισέητήτους
749 2198 845 2235 τίθησι,

78 2238 112 2266 δι’
127 2237 157 2271 ἃς
168 2240 196 2267 οὗ
215 2239 253 2268 δεῖ
266 2240 317 2267 τῶν
334 2240 482 2269 Ἰουδαϊκῶν
498 2242 562 2269 ἐθῶν
578 2241 694 2280 ἔχεσθαι.
716 2239 801 2273 Aibat
819 2246 847 2274 δέ

79 2285 144 2319 εἶσι,
159 2284 188 2313 τὸ
203 2285 240 2323 μὴ
263 2284 385 2314 δύνασθαι
407 2286 450 2315 τὸν
471 2287 549 2325 νόμον
565 2288 695 2324 δικαιοῦν,
716 2290 783 2319 ἀλλὰ
799 2291 845 2327 τὴν

78 2329 166 2358 πίστιν
181 2331 266 2368 μόνον.
282 2331 335 2360 Καὶ
349 2332 458 2361 ἐνταῦθα
478 2332 525 2370 μὲν
537 2334 704 2374 ἡμερώτερον
718 2336 846 2375 κέχρηται

78 2376 115 2414 τῷ
137 2375 223 2415 λόγῳ·
246 2377 343 2415 προϊὼν
369 2377 418 2406 Βδὲ
444 2379 686 2419 καταφορικώτερον
711 2386 780 2411 ποιεῖ
801 2384 845 2412 καὶ

79 2421 256 2460 σφοδρότερον.
275 2423 306 2451 Εἰ
321 2422 348 2451 δὲ
363 2424 498 2458 ζητοῦντες
513 2425 682 2460 δικαιωθῆναι
696 2428 722 2455 ἐν
738 2428 846 2470 Χριστῷ

81 2465 227 2504 ηὓρέθημεν
242 2467 285 2496 καὶ
300 2469 374 2498 αὐτοὶ
386 2469 547 2509 ἁμαρτωλοὶ,
563 2467 613 2511 ἆρα
628 2474 740 2511 Χριστὸς
759 2475 845 2515 ἁμαρ-

112 2553 122 2563 <¹
142 2545 188 2571 Alii
199 2549 221 2572 δὲ
240 2552 275 2574 καὶ
286 2557 448 2586 φορτικώτερον
460 2556 534 2579 λοιπὸν
545 2558 580 2579 καὶ
594 2557 667 2589 προόρ.

919 331 980 349 vero
997 331 1058 349 cum
1073 320 1148 350 initio
1162 332 1176 350 a
1190 322 1394 361 reprehensione
1414 321 1506 359 ducto7
1522 330 1547 352 et
1560 324 1632 361 quod

916 366 1039 395 videatur
1064 366 1156 396 merite
1178 369 1286 396 Petrum
1306 368 1510 407 reprehendere,
1537 376 1564 397 ut
1585 370 1631 408 qui

917 422 1056 442 conversos
1070 422 1104 441 ex
1123 413 1244 452 gentibus
1259 412 1290 441 ad
1308 413 1373 452 legis
1391 413 1491 442 rituum
1507 414 1631 444 observa-

916 458 1013 487 tionem
1036 458 1142 488 allicere
1155 458 1302 496 videretur,
1318 459 1412 488 transit
1431 459 1527 488 deinde
1546 462 1631 489 conii—

916 503 1008 533 dcnter
1022 503 1055 533 ad
1069 504 1276 534 admonitionem
1291 511 1315 534 et
1339 505 1493 542 consilium,
1506 506 1582 544 quasi
1597 507 1632 535 ab

917 549 972 587 ipsa
988 549 1055 577 serie
1069 556 1205 587 tractuque
1219 549 1348 578 sermonis
1362 560 1392 578 eo
1407 549 1512 579 delatus
1527 552 1629 580 suisset.

915 595 954 622 Ne
966 595 1037 623 enim
1051 595 1185 634 quispiam
1199 595 1266 624 sorte
1281 606 1342 624 cum
1363 595 1502 632 audiisset,
1523 598 1630 626 Gentes

914 642 991 678 cogis
1012 641 1176 678 jndaizare,
1198 641 1262 670 solis
1287 641 1341 670 illis
1366 648 1470 681 putaret
1494 642 1631 682 judaimre

914 695 965 714 non
980 696 1036 714 esse
1060 687 1228 725 permissum,
1241 687 1288 716 sed
1307 687 1409 717 Judaeis
1429 687 1518 723 licere,
1535 688 1632 716 oratio-

913 739 973 757 nem
1000 729 1097 767 redigit
1121 729 1155 758 ad
1180 730 1252 769 ipsos
1274 730 1404 759 doctores.
1429 730 1503 767 Quid
1525 742 1573 770 ego
1596 732 1630 760 de

912 774 1046 811 gentibus,
1069 774 1166 813 inquit,
1188 782 1233 804 aut
1253 775 1364 814 reliquis
1386 775 1488 806 Judaeis
1511 777 1606 815 loquor
1616 778 1629 806 ἶ)

878 828 896 850 Β
912 820 968 848 lmo
988 819 1065 848 ctiam
1086 819 1206 849 doctores
1228 831 1275 850 nos
1289 828 1314 850 et
1326 822 1449 861 apostoli.
1466 823 1559 859 Neque
1579 823 1630 852 hoc

912 865 999 894 solum
1027 876 1112 894 causae
1140 866 1336 895 firmamentum
1361 868 1454 903 affert,
1480 867 1526 897 sed
1551 868 1630 897 etiam

912 910 983 949 quod
999 921 1045 939 nos
1066 922 1099 940 ex
1113 911 1226 950 posteris
1240 912 1327 941 sudaei
1343 913 1448 952 penitus
1462 925 1476 942 a
1492 914 1548 953 lege
1570 914 1629 943 dis-

911 957 1078 986 cesserimus.
1092 959 1158 993 Quae
1171 958 1247 986 nobis
1263 958 1346 996 igitur
1359 959 1417 987 dari
1431 960 1507 989 venia
1524 961 1628 999 poterit,

911 1002 933 1031 si
942 1009 1048 1032 caeteros
1060 1002 1094 1031 ad
1105 1003 1155 1032 hoc
1166 1003 1373 1042 pertrahamus?
1388 1004 1471 1034 Vides
1482 1013 1511 1034 ut
1521 1007 1537 1035 J
1541 1005 1629 1035 udaeos

911 1049 1013 1077 occulte
1027 1055 1127 1088 carpat,
1143 1056 1169 1078 et
1192 1048 1341 1078 doctrinam
1364 1051 1507 1090 perfectam
1528 1052 1628 1081 eonsti-

910 1094 988 1123 tuat?
1001 1096 1070 1124 Cum
1085 1094 1155 1123 enim
1169 1094 1292 1131 dixisset,
1308 1096 1369 1124 Nos
1385 1103 1492 1126 natura
1515 1098 1626 1134 Jmloei,

910 1146 937 1169 et
960 1151 1018 1169 non
1043 1151 1078 1168 ez·
1100 1142 1244 1180 gentibus,
1263 1148 1428 1180 peccatores
1447 1156 1456 1172 .·
1475 1150 1500 1172 et
1521 1154 1628 1172 causam

909 1187 983 1215 affert
997 1186 1094 1215 rationi
1108 1193 1307 1215 consentaneam
1321 1188 1356 1216 ol)
1368 1198 1447 1226 quam
1458 1199 1472 1217 a
1486 1189 1628 1218 Judaismo

908 1232 1075 1261 desciverant
1089 1243 1096 1261 z
1112 1232 1251 1268 Scientes,
1268 1233 1348 1271 quod
1373 1244 1431 1262 non
1449 1235 1629 1274 justificatur

910 1279 995 1306 homo
1017 1288 1053 1306 ex
1067 1279 1198 1316 operibus
1214 1277 1295 1317 legis,
1314 1279 1370 1307 nisi
1381 1289 1432 1317 per
1441 1280 1531 1319 fidem
1556 1282 1628 1310 Jesu

912 1323 1041 1352 Christi:
1058 1333 1108 1351 nos
1123 1333 1238 1362 quoque
1251 1325 1283 1352 ιἠ,
1298 1324 1443 1353 Christum
1457 1327 1557 1354 lesum
1572 1337 1628 1356 cre-

911 1369 1049 1403 didimus,
1071 1375 1103 1397 ut
1118 1369 1313 1408 justificemur
1333 1370 1440 1410 exfide
1462 1372 1580 1409 Christi,
1602 1380 1627 1401 el

911 1422 970 1440 non
979 1422 1014 1440 ex
1025 1413 1156 1450 operibus
1166 1413 1249 1451 legt'5;
1261 1423 1293 1441 eo
1304 1414 1384 1451 quod
1391 1417 1630 1455 nonjusctficelur

911 1459 997 1486 homo
1021 1469 1057 1486 ea:
1079 1459 1210 1497 operibus
1231 1458 1313 1498 legis,
1327 1461 1383 1488 nisi
1395 1461 1542 1500 perfidem
1556 1463 1627 1492 Jesu

912 1504 1030 1533 Christi.

949 1558 997 1586 49.
1015 1557 1101 1589 Vides
1116 1565 1145 1587 ut
1158 1558 1308 1597 frequenter
1321 1558 1484 1589 infirmitatis
1499 1561 1565 1599 legis
1585 1563 1624 1591 fa-

907 1604 959 1633 eiat
973 1605 1142 1641 mentionem,
1157 1611 1182 1633 et
1193 1605 1306 1643 justitiae
1320 1616 1378 1643 quae
1393 1613 1430 1635 est
1444 1617 1477 1636 ex
1500 1607 1574 1637 fide?
1589 1609 1624 1638 Et

870 1669 888 1692 C
907 1650 999 1679 crebro
1013 1650 1126 1679 inculcat
1141 1661 1170 1679 ea
1185 1650 1302 1687 nomina,
1318 1651 1390 1688 quod
1405 1662 1457 1681 non
1478 1660 1517 1682 est
1532 1665 1622 1693 repre-

904 1696 1054 1732 hendentis,
1069 1695 1116 1725 sed
1134 1695 1253 1725 docentis
1266 1703 1291 1725 et
1309 1697 1482 1728 consulentis.
1510 1700 1624 1736 Verum,

905 1749 935 1772 ut
949 1742 1082 1778 dicebam,
1096 1741 1118 1771 si
1132 1741 1256 1780 quidem,
1270 1749 1299 1771 ut
1317 1742 1344 1771 in
1359 1744 1375 1773 J
1379 1743 1467 1773 udaeos
1482 1745 1624 1775 invehere-

905 1796 959 1825 tur,
975 1789 1031 1817 haec
1041 1787 1150 1823 diceret,
1165 1794 1254 1816 actum
1269 1795 1346 1824 esset,
1364 1800 1394 1818 ac
1409 1800 1450 1818 res
1461 1798 1527 1819 esset
1545 1792 1624 1830 plane

905 1835 1053 1874 deplorata,
1077 1833 1152 1872 quod
1172 1833 1213 1863 illi
1238 1834 1320 1874 hujus
1342 1834 1490 1864 doctrinam
1515 1837 1624 1866 minime

904 1882 1001 1910 ferrent
1015 1893 1022 1910 z
1037 1880 1164 1919 quoniam
1183 1886 1271 1908 autem
1293 1880 1326 1908 ad
1345 1882 1453 1909 Petrum
1477 1882 1623 1911 orationem

904 1927 1044 1963 convertit,
1057 1926 1099 1955 illi
1109 1926 1178 1954 clam
1190 1926 1332 1954 utilitatem
1353 1927 1544 1965 percipiebant,
1557 1927 1622 1957 dum

903 1972 1143 2011 reprehenderetur
1156 1981 1185 1999 ac
1199 1977 1295 1998 taceret
1310 1971 1415 2007 Petrus,
1431 1973 1541 2011 ejusque
1563 1984 1622 2002 sen-

903 2017 983 2046 tentia
996 2017 1081 2045 omnis
1095 2016 1264 2054 detegeretur
1280 2025 1330 2043 non
1345 2016 1379 2044 ab
1392 2017 1460 2055 ipso,
1475 2018 1547 2047 seda
1560 2030 1620 2048 coa-

903 2063 1017 2102 postolo,
1041 2069 1066 2091 et
1087 2062 1161 2101 prior
1184 2062 1240 2101 ejus
1262 2063 1428 2092 conversatio
1451 2064 1478 2092 in
1503 2065 1621 2095 medium

902 2109 1074 2149 proferretur.
1093 2107 1197 2137 Deinde
1213 2118 1276 2136 vero
1291 2118 1323 2137 ne
1337 2109 1410 2148 apud
1429 2120 1457 2139 se
1477 2110 1594 2140 dicerent
1611 2125 1617 2140 :

901 2156 994 2193 ltaque
1007 2154 1069 2183 licet
1083 2155 1176 2183 Petrus
1190 2160 1215 2182 et
1229 2153 1332 2182 Paulus
1345 2165 1482 2194 perperam
1497 2157 1598 2195 egerint
1611 2171 1616 2186 :

866 2215 884 2237 D
898 2202 983 2241 justas
996 2206 1022 2229 et
1039 2199 1202 2228 indubitatas
1219 2199 1295 2228 affert
1319 2210 1420 2235 causas,
1434 2201 1469 2230 ob
1483 2213 1549 2240 quas
1565 2204 1616 2232 Ju-

901 2246 984 2275 daicis
1004 2246 1101 2274 ritibus
1121 2244 1312 2273 adhaerendum
1336 2256 1389 2274 non
1412 2253 1461 2275 est.
1486 2248 1532 2276 Eae
1553 2259 1617 2277 vero

900 2298 972 2327 sunt,
987 2291 1059 2330 quod
1070 2290 1217 2330 justificare
1231 2290 1275 2319 lex
1293 2290 1404 2320 minime
1420 2293 1513 2331 possit,
1527 2293 1574 2322 sed
1586 2295 1617 2322 fi-

899 2337 945 2366 des
959 2344 1072 2367 tantum.
1090 2338 1176 2375 Atque
1187 2336 1232 2365 hic
1251 2336 1359 2375 quidem
1374 2337 1427 2366 leni
1441 2348 1471 2366 ac
1482 2338 1617 2368 moderata

900 2385 984 2414 utitur
1007 2384 1124 2413 oratione
1149 2395 1156 2412 :
1179 2393 1335 2423 progressus
1363 2391 1450 2413 autem
1474 2385 1615 2424 paululum

899 2430 1122 2460 vehementiorem
1145 2429 1254 2458 adhibet
1275 2436 1300 2458 et
1321 2430 1460 2459 acriorem.
1482 2431 1568 2468 Quod
1592 2434 1617 2459 si

902 2483 1060 2515 quoerences
1081 2476 1237 2515 justificari
1258 2478 1288 2504 in
1312 2476 1425 2505 Christo
1446 2478 1554 2506 inventi
1568 2488 1617 2505 su-

1642 1240 1696 1260 (iul.
1709 1247 1728 1261 ¹1.
1744 1240 1778 1261 10¹,

1681 1571 1730 1593 ΙΙΙΠΙ
1738 1581 1777 1592 ΙΙΙΙ-

1636 1607 1700 1623 tatem
1724 1604 1776 1631 legi>

1635 1635 1729 1654 inculcat

1635 1665 1755 1694 apostulus.

1629 2440 1701 2459 lsmli
1731 2444 1754 2467 ΙΙ·
