1840 2839
767 179 944 201 missurn.
1568 169 1633 203 80⁷,

100 252 238 280 oppresso,
255 240 521 281 μεγα>,οῤῥτ,μοσύνην
533 239 683 268 istiusmodi
697 250 748 268 11011
761 240 900 270 condonet.
913 240 1070 270 Juvatcnim
1081 240 1199 269 animum
1207 247 1334 280 perpetuo
1347 251 1460 271 moerore
1473 248 1634 282 prostratum

99 287 197 315 talibus
207 287 279 315 velut
290 286 463 315 adminiculis
476 297 502 314 se
516 285 617 323 erigere
626 293 705 324 atque
719 286 890 316 elevareSed
906 287 1041 316 Arsacium
1054 287 1144 326 paulo,
1159 297 1237 325 quam
1254 298 1302 327 par
1315 294 1392 323 esset,
1406 289 1528 317 acerbius
1539 295 1635 317 tracta-

98 333 144 361 vit.
161 333 263 361 Sithon:
278 331 463 371 Chrysostomi
477 331 566 371 culpa,
579 343 629 360 non
645 339 733 360 autem
744 340 942 369 argumentum,
956 333 1024 371 quod
1040 333 1150 372 epistola
1166 333 1200 361 sit
1215 334 1395 372 supposititia.
1414 336 1470 363 lmu
1485 335 1546 363 liin(¹
1561 335 1636 364 colli-

97 389 184 416 gerem
201 379 289 418 potius
307 378 453 416 genuinum
469 388 523 406 esse
544 378 647 406 foetum.
667 378 736 414 Quis
750 379 821 407 enim
837 379 932 415 nescit,
947 390 1027 418 quam
1044 379 1162 417 ingentes
1183 379 1281 408 suerint
1296 380 1487 419 Cluysostomo
1501 381 1612 420 spiritus
1626 393 1632 408 ε

96 435 148 462 qua
164 424 394 464 ἐλευθεροστομίᾳ,
412 434 463 461 qua
484 424 620 463 παῤῥησίᾳ
635 424 661 452 iu
673 435 763 452 omues
779 435 843 452 usus
858 425 949 461 fuerit,
962 426 1041 454 etiam
1053 425 1078 453 in
1096 424 1247 453 Eudoxiam
1262 427 1421 462 Augustam.
1435 427 1464 456 Si
1478 427 1561 465 igitur
1575 427 1635 455 Eu-

96 469 184 498 ‹loxia—
202 481 252 498 nou
267 470 394 509 pepercit,
411 470 521 498 Arsacio
543 481 604 498 cum
622 481 729 509 paicerc
749 471 866 499 wluissc
890 478 962 499 estne
976 471 1145 499 verisimile?
1160 472 1253 499 Restat
1268 471 1394 499 ultimum
1416 479 1605 510 augumentum
1619 483 1634 500 a

97 527 161 545 voce
180 518 335 546 Κουκουσῶν
357 516 481 556 petitum,
499 517 569 555 quod
591 517 638 544 etsi
651 527 702 545 non
726 517 914 555 negligendum
931 516 1046 551 videtin,
1058 523 1144 544 tamen
1161 516 1211 544 nisi
1224 516 1333 546 aliunde
1348 518 1543 552 con-obuictur,
1560 530 1593 547 ex
1609 529 1636 546 se

97 573 193 602 parum
216 563 350 591 sumitutis
369 563 456 591 l11het
474 563 563 591 Potuit
584 563 653 591 euim
674 563 716 591 vel
741 563 794 591 l1b1
795 574 859 599 ain
870 563 912 591 wl
927 562 1087 601 typographi
1105 562 1184 600 culpa
1210 562 1635 602 aeeidwe,11t1110sz01moU,

98 611 256 638 Κουκουσῶν
269 609 442 639 scriberetur.
462 610 601 646 l‘rzctcrea,
624 609 650 637 ni
667 609 753 645 fallor,
775 616 799 637 et
822 585 967 639 Kriumuco'q
983 614 1008 635 et
1024 607 1160 636 Κουκουσά
1175 607 1281 643 legitur.
1297 607 1350 636 Sed
1365 608 1448 637 instar
1464 609 1583 637 omnium
1598 615 1636 636 est

97 655 166 684 illud
175 655 209 684 de
221 656 291 694 stylo
302 662 327 684 et
341 655 501 690 charactere,
511 655 585 694 quod
599 655 684 683 solum
697 661 799 682 tantum
811 654 884 693 apud
897 664 939 681 mc
951 653 1031 689 valet,
1047 659 1075 680 ut
1090 664 1141 681 nou
1150 652 1273 681 dubitem
1284 664 1345 682 cum
1356 653 1523 689 llalesiotuo,
1534 655 1635 693 optimo

97 708 122 730 et
134 701 316 730 eruditissimo
326 702 433 740 juvenc,
447 701 628 740 pronuntiare,
639 700 757 739 epistolae
771 699 851 739 liujus
869 706 1004 727 auctorem
1025 709 1076 727 non
1097 698 1320 738 Chrysostomum
1330 699 1421 735 fuisse,
1435 699 1480 728 sed
1491 700 1574 729 alium
1584 701 1634 729 ali-

98 758 176 785 quem
193 758 253 775 cum
269 747 461 786 Cluysostomo
476 757 522 774 nec
539 746 644 784 ingenio
660 755 706 774 nec
722 745 871 784 eloquenti-‘1
887 745 1105 784 comparandum.
1122 757 1135 771 »

138 794 223 821 Locus
240 792 285 820 ille
300 792 398 828 l'liotii,
413 802 493 830 quem
509 798 698 820 commemorat
716 802 796 831 supra
819 791 952 827 llalesius,
976 791 1013 819 sic
1040 791 1120 819 habet
1137 803 1142 818 ι
1159 790 1224 820 (Ότι
1247 793 1271 820 ἐν
1286 793 1319 830 τῇ
1341 792 1405 830 πρὸς
1426 793 1469 821 τὸν
1492 793 1634 822 ἐπίσκοπον

97 838 228 876 Κυριακὸν
244 840 385 877 ἐπιστολῇ,
407 839 438 873 ἢν
463 837 515 867 ἀπὸ
536 840 583 873 τῆς
608 837 895 878 δευτέρας,ἐξέπεμψεν
915 836 1032 877 ἐξορίας,
1062 836 1225 865 καθάπτεται
1250 836 1297 875 μὲν
1321 841 1366 866 τοῦ
1393 837 1539 876 Ἀρσακίου,
1554 840 1634 878 λῆρον

96 884 171 912 αὐτὸν
185 885 229 913 καὶ
246 885 338 941 μοιχξιν
355 886 442 913 καλῶν
455 897 460 902 ·
479 887 578 913 ἐπαινεῖ
601 884 627 914 δὲ
650 884 708 917 τοὺς
724 884 966 923 ἀποσᾪεφῡμένους
978 883 1026 918 τὴν
1040 885 1118 912 αὐτοῦ
1134 883 1279 918 κοινωνίαν,
1295 885 1331 916 ὡς
1351 884 1393 913 διὰ
1412 885 1480 913 Θεὸν
1492 886 1536 914 καὶ
1554 885 1583 914 τὸ
1599 887 1635 918 εἷς

94 929 165 958 τὸν’
151 943 226 970 αργιε
230 943 256 970 ps
246 931 275 960 ζα
294 932 370 960 αὐτοῦ
389 931 505 968 ἀδίκηαα
519 942 566 965 την
582 930 750 970 ἀπογραφὴ
772 932 857 959 αὐτων
873 941 982 967 ποιουμε
984 941 1052 961 νους.
1069 928 1163 957 Komoi
1177 941 1206 967 γε
1218 930 1244 957 ἐν
1260 929 1348 962 ἄλλοις
1366 930 1439 969 φαῖνε
1442 943 1485 959 ται
1499 932 1634 971 παραινῶν

96 975 132 1013 μὴ
148 977 307 1015 ἀφίστασθαι
322 977 373 1006 ἀπὸ
387 989 433 1011 της
445 976 476 1005 Ἰῖ
479 977 613 1012 κκλησίας
630 978 662 1005 E’
656 989 676 1009 ις
685 988 762 1005 τουτο
777 977 803 1005 δὲ
820 987 937 1016 υστερον,
951 977 986 1007 ὣς
999 975 1082 1008 ἔοικε,
1095 974 1208 1012 μετέστη
1220 997 1227 1009 ,
1239 975 1328 1009 ἐπειδὴ
1343 987 1388 1004 και
1403 978 1425 1004 οἱ
1435 978 1525 1005 τοῦτον
1539 977 1635 1010 ditum<

95 1021 264 1058 εκῧαλόντες,
276 1023 325 1061 οὐχ
334 1025 370 1055 οἱς
382 1022 491 1061 ἔπραξεν
505 1022 635 1061 ἔστερξαν,
648 1022 714 1051 ἀλλὰ
729 1034 772 1051 και
783 1021 950 1061 καταορῡιιὰς
962 1033 1005 1049 και
1015 1020 1155 1053 ἐπιῧῡυλὰς
1163 1019 1231 1048 κατὰ
1241 1022 1292 1048 τῶν
1303 1022 1373 1050 αυτῦ
1383 1022 1633 1061 προσανακειμένων

95 1066 139 1095 καὶ
160 1068 299 1106 ὑπερορίας
315 1068 530 1106 ἐπαλαμησαντο.
552 1081 565 1094 «
584 1068 613 1096 111
629 1068 739 1107 epistola
751 1067 785 1095 ad
809 1052 952 1106 Cyiiacum
969 1068 1132 1106 episcopum,
1144 1077 1224 1104 quam
1235 1066 1261 1095 in
1276 1067 1392 1096 secundo
1403 1067 1509 1107 scripsit
1523 1069 1632 1107 exsilio,

96 1113 238 1142 Arsacium
252 1114 393 1143 insectatus
407 1114 523 1142 delirum
539 1121 563 1143 et
580 1114 712 1143 moeclium
729 1121 805 1143 vocat
817 1136 824 1149 ,
846 1114 988 1150 laudatque
1007 1122 1051 1140 eos
1075 1112 1121 1150 qui
1142 1112 1200 1151 ejus
1228 1113 1442 1141 communionem
1466 1121 1631 1151 aversantur,

94 1166 188 1198 utpote
202 1160 248 1198 qui
272 1167 380 1199 propter
397 1161 496 1198 Deum,
515 1167 539 1189 et
556 1167 665 1200 propter
680 1160 838 1200 injustitiam
864 1158 1064 1197 archiepiscopo
1079 1168 1126 1186 suo
1149 1158 1252 1186 illatam
1269 1158 1303 1186 ab
1326 1158 1384 1198 ipso
1405 1167 1586 1198 segregentur.
1601 1159 1631 1188 ln

94 1205 154 1233 aliis
170 1212 255 1234 tamen
271 1206 335 1235 locis
348 1206 471 1235 bortatur
487 1217 519 1235 ne
529 1206 563 1234 ab
580 1206 697 1235 Ecclesia
712 1213 876 1246 separentur.
895 1207 999 1234 Verum
1012 1205 1050 1233 sic
1068 1204 1164 1237 ultimo
1180 1205 1337 1233 sententiam
1353 1206 1498 1234 mutavisse
1515 1205 1630 1244 videtur,

93 1250 155 1288 quia
172 1251 190 1279 ii
208 1251 253 1289 qui
268 1262 295 1279 se
308 1251 406 1291 injuste
419 1252 557 1291 ejecerant,
578 1252 658 1289 gestis
673 1252 727 1280 suis
743 1263 794 1280 non
817 1251 1026 1290 acquiescerent,
1043 1249 1087 1279 sed
1103 1261 1147 1279 eos
1161 1251 1206 1289 qui
1224 1251 1274 1279 sibi
1290 1251 1393 1280 addicti
1407 1259 1503 1291 essent,
1519 1253 1631 1282 insccta-

93 1303 195 1333 rentur,
214 1297 321 1325 insidiis
333 1304 495 1337 appeterent,
509 1304 534 1326 et
548 1298 573 1326 i11
590 1297 717 1326 exsilium
730 1297 912 1327 amandarent.
931 1309 944 1323 n

133 1344 170 1372 Ut
183 1342 217 1371 ad
232 1343 334 1382 objecta
346 1343 381 1371 ab
392 1343 500 1371 Halesio
515 1343 664 1381 redeamus,
679 1354 708 1372 ea
723 1344 810 1372 omnia
825 1354 877 1372 non
892 1343 962 1371 male
970 1343 1097 1371 refutavit
1110 1344 1224 1373 Joanncs
1233 1343 1348 1380 Boisius,
1363 1353 1416 1372 uno
1431 1352 1541 1384 excepto
1551 1355 1631 1384 argu-

92 1395 181 1417 mento
200 1399 234 1417 ex
254 1389 318 1429 styli
338 1388 559 1418 dissimilitudine
578 1389 670 1428 petito,
688 1389 759 1427 quod
774 1389 819 1418 ille
836 1389 1023 1428 amplectitur,
1045 1396 1070 1418 et
1093 1396 1180 1418 tamen
1200 1396 1239 1418 est
1261 1389 1381 1418 omnium
1395 1390 1563 1420 levissimum
1575 1414 1583 1428 ,
1602 1398 1630 1419 ut

92 1434 161 1463 infra
176 1434 330 1463 videbiture

132 1480 224 1509 Primo
230 1480 267 1509 ait
277 1481 398 1510 Halesius
406 1492 433 1510 se
442 1481 695 1520 epistolaremillum
704 1481 882 1510 characterem
892 1481 973 1510 inbac
981 1482 1092 1522 epistola
1102 1491 1153 1510 non
1165 1481 1266 1518 videre,
1278 1482 1358 1520 quiin
1372 1482 1431 1511 aliis
1444 1482 1630 1522 Chrysostomi

92 1526 218 1565 operibus
231 1527 390 1556 observatur
400 1539 409 1564 5
425 1534 448 1555 et
462 1527 537 1565 quasi
549 1527 649 1556 oblitus
663 1538 822 1566 eorumquae
830 1527 1010 1562 antedixerat,
1024 1527 1062 1555 ait
1077 1527 1238 1567 prooemium
1251 1527 1323 1556 idem
1331 1529 1385 1557 fere
1399 1528 1506 1566 habere,
1522 1529 1595 1567 quod
1604 1529 1630 1558 in

93 1572 203 1611 epistola
212 1572 299 1611 prima
307 1572 341 1601 ad
349 1573 549 1612 Olympiadem,
559 1584 638 1612 quam
648 1573 704 1612 ipse
714 1580 742 1601 ut
751 1573 893 1612 genuinam
908 1573 1043 1610 admittit;
1056 1573 1127 1602 illud
1136 1584 1199 1603 vero
1208 1573 1367 1613 prooemium
1378 1585 1503 1613 magnam
1511 1575 1629 1614 epistola:

92 1625 194 1658 partem
209 1618 411 1658 complectitur:
428 1619 454 1647 in
469 1626 523 1648 tota
542 1619 626 1658 igitur
641 1619 688 1647 illa
703 1626 778 1659 parte
800 1619 924 1648 admittat
935 1626 1037 1659 oportet
1051 1619 1219 1659 epistolarem
1234 1619 1312 1648 illum
1329 1620 1514 1660 Chrysostomi
1530 1619 1629 1650 chaia-

91 1671 201 1701 cterem;
212 1665 238 1693 in
249 1665 419 1703 sequentibus
430 1665 509 1694 etiam
518 1676 571 1694 non
580 1676 665 1705 pauca
676 1676 709 1694 ex
722 1665 841 1705 epistolis
852 1665 887 1694 ad
898 1666 1089 1705 Olympiadem
1102 1677 1188 1704 exque
1202 1666 1263 1695 aliis
1278 1666 1341 1695 item
1354 1667 1481 1706 reperias,
1496 1667 1625 1705 quoniam
1639 1682 1674 1700 2⁶7

91 1711 118 1740 in
129 1711 173 1740 his
184 1711 314 1751 epistolis,
331 1718 360 1740 ut
376 1711 466 1740 statim
480 1711 604 1740 observes
616 1711 638 1740 si
654 1711 736 1750 legem,
748 1722 810 1740 cum
821 1711 854 1740 ad
866 1712 988 1741 diversos
1004 1713 1107 1750 scribit,
1121 1712 1214 1742 eadem
1227 1713 1281 1741 sere
1291 1713 1397 1753 repetit,
1416 1721 1444 1742 ut
1457 1714 1556 1753 optime
1565 1714 1627 1742 ani-

90 1757 236 1786 madvertit
250 1757 368 1786 Boisius.
387 1757 463 1786 Nihil
476 1764 546 1786 certe
560 1757 604 1786 hic
616 1764 654 1786 est
669 1757 740 1796 quod
755 1758 957 1797 compilatorem
968 1759 1068 1798 sapiat;
1084 1759 1173 1787 omnia
1182 1759 1280 1796 fluunt,
1295 1759 1384 1787 omnia
1396 1766 1467 1788 recto
1478 1759 1628 1799 procedunt

90 1803 202 1832 ordine:
218 1814 280 1833 cum
298 1810 386 1832 autem
401 1810 539 1832 aecusatus
557 1803 631 1842 quod
650 1814 711 1832 cum
733 1803 843 1832 muliere
859 1805 1032 1833 concubuerit
1055 1805 1198 1844 respondet
1217 1816 1223 1832 ι
1238 1806 1349 1834 Exuite
1364 1815 1467 1844 corpus
1479 1816 1583 1841 meum,
1598 1812 1626 1834 et

90 1852 283 1879 membrorum
306 1861 433 1879 meorum
454 1850 708 1890 mortificationem
728 1852 885 1889 reperietis,
902 1851 931 1879 id
947 1851 993 1887 ait,
1007 1850 1080 1889 quod
1096 1851 1122 1878 in
1138 1851 1197 1889 pari
1211 1861 1275 1879 casu
1288 1850 1432 1879 dicendum
1442 1852 1568 1890 oportuit.
1583 1853 1625 1880 An

90 1903 176 1925 tacere
189 1896 265 1925 licuit
276 1907 337 1925 cum
349 1897 376 1925 in
389 1896 468 1925 rebus
483 1896 648 1934 gravissimis
662 1895 730 1924 tanti
744 1896 859 1935 episcopi
874 1896 944 1924 fama
960 1895 1122 1924 laederetur?
1139 1898 1234 1924 Annon
1247 1896 1334 1935 potuit
1346 1896 1399 1931 ille,
1412 1896 1465 1924 imo
1480 1907 1566 1926 annon
1579 1897 1624 1926 dc-

89 1941 149 1970 buit
156 1941 190 1970 de
199 1948 271 1970 tanto
281 1942 391 1970 crimine
404 1947 543 1970 accusatus
557 1952 586 1969 ea
598 1941 724 1980 proferre,
737 1951 796 1979 quae
805 1941 840 1969 ad
850 1941 891 1970 sui
906 1942 1091 1981 purgationem
1100 1948 1250 1981 opportuna
1260 1948 1333 1970 erant
1343 1942 1357 1970 ἶ)
1368 1942 1528 1981 Popularcm
1536 1950 1626 1972 autem

90 1987 319 2025 acclamationem,
330 1987 383 2015 imo
394 1994 419 2015 et
431 1987 511 2016 verba
522 1987 588 2026 ipsa,
603 1987 689 2015 amico
701 1986 756 2015 sine
765 1987 892 2025 jactantia
908 1987 995 2016 dicere
1005 1988 1091 2026 potuit
1104 1987 1325 2027 Chrysostomus:
1336 1988 1415 2016 amici
1425 1998 1548 2026 namque,
1558 1999 1625 2027 prae-

89 2033 181 2061 sertim
195 2033 215 2061 ii
230 2033 275 2071 qui
291 2032 383 2061 eadem
397 2032 430 2061 de
444 2043 523 2061 causa
537 2039 680 2068 vexantur,
696 2042 823 2060 arcanum
839 2032 907 2061 nihil
920 2033 988 2061 inter
1001 2044 1029 2061 se
1041 2033 1141 2062 habent
1155 2045 1161 2060 :
1175 2034 1305 2073 Cyriacus
1317 2044 1396 2073 porro
1411 2033 1487 2062 exsul
1499 2033 1533 2062 de
1543 2034 1625 2063 illatis

89 2079 185 2109 Joanni
202 2079 394 2118 Chiysostomo
406 2078 483 2107 malis
498 2078 644 2107 admodum
658 2077 783 2115 dolebat;
799 2078 860 2107 ideo
879 2089 938 2117 quae
957 2079 1009 2107 sibi
1024 2079 1110 2107 fausta
1123 2079 1269 2108 acciderint
1283 2087 1400 2108 recenset
1415 2080 1624 2119 Chrysostomus

88 2131 118 2154 ut
131 2125 221 2165 ipsum
235 2125 394 2160 consoletur,
410 2124 497 2162 iisque
516 2124 649 2153 recensitis
662 2125 698 2152 ita
711 2124 826 2152 claudit:
843 2125 1035 2163 Quamobrem
1050 2132 1077 2154 te
1097 2136 1176 2165 rogo,
1195 2136 1231 2154 ac
1250 2127 1371 2166 genibus
1394 2128 1451 2155 tuis
1465 2126 1624 2154 advolutus

89 2172 221 2208 obtestor,
235 2177 265 2199 ut
278 2180 426 2199 moerorem
438 2176 465 2199 et
477 2170 587 2198 luctum
599 2171 730 2209 abjicias.
743 2171 803 2200 Jam
816 2181 877 2199 cum
893 2170 1031 2199 Arsacium
1042 2172 1247 2211 sycophantam,
1262 2171 1309 2210 qui
1324 2171 1420 2201 oblatis
1434 2172 1485 2200 sibi
1498 2171 1624 2211 episcopo

87 2227 135 2246 suo
149 2217 223 2245 salsis
237 2216 480 2253 criminationibus,
504 2215 592 2244 sedem
604 2226 678 2244 suam
694 2216 835 2249 invaserat,
850 2216 892 2245 vir
903 2223 991 2245 tamen
1005 2217 1189 2256 octogenarius
1200 2224 1225 2246 et
1236 2217 1396 2254 ineruditus,
1412 2229 1485 2256 cum,
1500 2218 1621 2256 inquam,

86 2262 165 2291 illum
176 2262 303 2298 delirum,
317 2262 452 2291 moechum
465 2269 490 2290 et
506 2262 600 2301 lupum
614 2269 700 2298 vocat,
712 2262 781 2290 illud
789 2262 843 2301 agit
854 2262 925 2300 quod
938 2262 1062 2302 praestitit
1073 2263 1244 2299 Athanasius,
1257 2274 1318 2292 cum
1327 2264 1475 2303 Gregorius
1489 2264 1623 2303 quispiam

87 2309 115 2337 in
126 2309 183 2348 ejus
196 2309 286 2337 locum
301 2308 462 2337 substitutus
476 2314 523 2344 est,
539 2315 563 2336 et
574 2315 663 2347 postea
675 2319 737 2336 cum
754 2308 887 2347 Georgius
901 2308 984 2348 ipsius
997 2309 1087 2338 sedem
1099 2309 1211 2346 invasit3
1225 2320 1287 2338 nam
1303 2309 1441 2349 improbos
1453 2309 1620 2349 hujusmodi,

86 2354 256 2390 facinorosos,
271 2361 295 2383 et
306 2354 352 2393 qui
366 2364 458 2394 pacem
471 2353 596 2382 Ecclesiae
611 2353 834 2389 intertui-habant,
851 2365 903 2383 non
916 2354 999 2383 sancti
1014 2355 1067 2384 viri
1084 2355 1172 2391 modo,
1188 2355 1235 2384 sed
1249 2355 1300 2395 ipsi
1317 2366 1423 2394 quoque
1437 2356 1550 2395 apostoli
1561 2366 1621 2383 ma-

86 2400 192 2429 ledictis
203 2400 377 2429 incessebant.
393 2400 435 2428 Ad
450 2400 508 2429 haec
523 2410 584 2428 vero
598 2410 631 2428 an
643 2400 798 2428 clementius
819 2400 874 2439 agit
889 2400 1098 2440 Chrysostomus
1112 2412 1172 2429 cum
1189 2401 1297 2430 Arsacio
1310 2401 1336 2429 in
1351 2401 1421 2430 libro
1438 2402 1486 2429 illo
1501 2401 1544 2429 cui
1558 2400 1622 2428 titu-

87 2445 141 2482 lus,
157 2447 211 2474 Ad
227 2456 274 2475 eos
290 2448 341 2485 qui
352 2446 550 2475 scandalizati
561 2452 640 2481 sunt,
655 2456 733 2484 quem
745 2457 825 2485 supra
836 2445 992 2475 edidimus?
1008 2448 1046 2475 An
1060 2447 1166 2476 mitiora
1180 2447 1222 2475 his
1233 2454 1294 2475 sunt
1309 2447 1390 2476 verba
1403 2457 1460 2485 quae
1470 2446 1570 2474 ibidem
1584 2445 1622 2473 le-

89 2498 198 2527 guntur,
213 2503 239 2530 p.
250 2492 316 2528 507,
329 2503 353 2520 c.
370 2492 418 2526 5⁹20,
444 2491 526 2530 ἱερεὺς
539 2496 592 2527 νῦν,
604 2494 699 2531 φαῦλος
710 2492 895 2531 γεγενημένος,
907 2492 952 2520 καὶ
962 2491 1040 2520 λύκου
1053 2492 1149 2524 παντὸς
1161 2492 1319 2531 ἀγριώτερον
1330 2492 1465 2525 ἐπιπηδῶν
1480 2493 1511 2529 τῇ
1525 2490 1605 2529 ἀγέλῃ
1615 2513 1622 2522 ,

89 2537 222 2565 sacerdos
235 2538 285 2566 ille
296 2539 450 2576 improbus,
468 2538 533 2577 lupo
546 2540 647 2576 quovis
659 2540 761 2567 s'cz’rius
777 2540 806 2566 in
822 2549 935 2577 gregem
950 2539 1082 2567 insiliens
1096 2542 1109 2566 Ρ
1124 2540 1164 2566 An
1180 2537 1247 2576 quid
1263 2537 1371 2576 gravius
1387 2536 1439 2565 dici
1450 2536 1537 2576 potuit
1549 2535 1563 2563 ,⁹
