1843 2810
161 1699 193 1717 :511

209 146 223 153 ,-

208 156 273 188 970
500 158 528 179 S.
557 158 694 180 JOANMS
722 158 901 180 CHRYSOST.

204 228 280 256 posse
290 217 385 256 dignos
396 218 533 257 postulatis
545 219 664 248 evadere.
675 219 748 248 Licet
759 220 815 248 51110
826 227 916 260 patro—

203 263 274 292 cinio
293 274 324 292 30
345 263 441 292 deserti
460 264 553 300 simus,
566 276 598 293 ne
611 266 729 293 animum
747 265 914 305 despondea-

203 321 273 345 mus,
290 310 364 348 gnari
381 321 507 349 magnum
527 311 595 339 illud
615 323 669 340 esse
691 312 876 350 patrocinium,
893 312 914 340 si

202 356 262 393 quis
275 367 370 394 magno
382 367 441 384 cuin
454 356 542 385 studio
554 357 726 396 perseipsum
737 358 769 386 ad
779 359 862 386 Deum
872 369 915 386 ac-

203 401 286 430 cedat.
301 402 329 430 Si
345 413 441 430 munus
452 399 569 431 conferre
578 403 682 431 disserat
693 411 718 431 et
730 404 913 442 procrastinet,

203 458 235 475 nc
249 447 429 484 concidamus,
441 448 551 476 scientes
566 448 640 476 illam
653 450 915 488 procrastinationem

203 505 272 522 curae
288 502 366 532 atque
381 494 553 532 benignitatis
568 505 622 523 esse
638 496 870 533 argunientuin.Si
888 495 915 524 id

202 551 357 579 persuasum
378 540 540 576 habeamus,
556 548 581 569 et
594 552 655 569 cum
669 541 757 569 animo
772 541 878 570 dolente
891 549 916 570 et

202 586 305 614 sei-vido
317 609 323 619 ,
336 593 415 624 atque
435 587 548 614 excitata
570 587 722 624 voluntate,
739 587 785 615 tali
803 588 913 625 scilicet,

202 632 306 670 qualem
317 632 412 660 habuit
426 633 552 661 accedens
563 633 722 667 Chananaea,
733 640 758 661 et
768 643 813 661 nos
825 633 915 672 ipsum

202 678 362 714 atlicriinus,
375 678 476 706 etiamsi
490 689 566 706 canes
580 678 674 713 simus,
691 678 793 706 etiamsi
808 678 916 717 quidvis

202 734 283 762 grave
302 724 557 762 perpetraverimus,
576 730 600 751 et
615 730 702 752 nostra
719 724 787 752 mala
806 725 916 752 amolie-

202 780 278 804 mur,
302 776 458 807 tantumque
484 769 589 797 siduciae
614 769 790 809 accipiemus,
804 777 833 798 ut
856 771 916 798 aliis

201 826 306 853 qnoque
316 816 475 854 patrocinari
490 816 640 844 valcamus:
655 816 879 854 quemadmodum
891 823 915 844 et

202 861 349 889 Cliananaea
368 872 419 890 non
436 862 523 890 solum
546 862 602 901 ipsa
625 862 752 890 fiduciam
775 869 799 891 et
818 863 915 891 multas

201 905 293 934 laudes
307 913 467 944 consequuta
482 914 530 941 est,
541 906 588 935 sed
601 907 678 935 etiam
693 907 777 935 filiam
792 907 914 935 intolera-

201 952 301 980 bilibus
324 952 451 980 molestiis
466 953 567 992 eripere
579 953 675 992 potuit.
694 953 769 981 Nihil
783 953 861 987 enim,
877 953 915 981 ni-

201 997 239 1025 hil
259 997 350 1035 utique
364 998 497 1037 potentius
519 1005 556 1026 est
571 998 689 1027 oratione
705 998 814 1026 ferventi
838 1005 916 1036 atque

200 1043 312 1071 sincera.
331 1043 392 1071 Haec
405 1051 430 1071 ct
446 1043 585 1082 praeseutia
603 1044 671 1072 mala
689 1043 787 1080 solvit,
801 1050 825 1071 ct
839 1054 853 1071 a
868 1044 894 1071 fu
904 1061 915 1065 -

200 1088 267 1116 turis
282 1088 328 1116 illo
347 1095 464 1128 tempore
477 1089 617 1128 suppliciis
633 1089 720 1128 eripit.
737 1089 774 1117 Ut
788 1089 876 1126 itaque
890 1096 915 1118 ct

199 1141 355 1173 praesentem
379 1135 463 1163 vitam
483 1135 587 1163 facilius
602 1135 790 1172 transigamus,
805 1141 829 1162 et
851 1135 915 1163 illuc

199 1190 259 1208 cuin
275 1179 373 1208 fiducia
388 1181 524 1215 abeamus,
543 1181 626 1209 multo
638 1180 726 1209 studio
741 1187 765 1208 et
779 1180 915 1210 alacritate

198 1227 323 1265 precibus
339 1237 470 1255 vacemus.
486 1227 531 1256 Sic.
544 1227 614 1255 enim
638 1226 783 1265 poterimus
801 1233 825 1254 et
848 1238 915 1266 prze-

199 1273 282 1301 sentia
305 1273 430 1311 consequi
445 1274 525 1308 bona,
541 1280 566 1302 et
580 1273 681 1312 optima
696 1283 741 1311 spe
760 1272 813 1300 frui
833 1285 838 1300 :
855 1284 914 1311 qna:

199 1330 246 1347 nos
260 1330 350 1347 omncs
371 1320 475 1358 assequi
491 1318 739 1358 contingat,gratia,
751 1318 915 1356 benignitate

199 1371 225 1392 et
247 1365 474 1393 commiseratione
496 1365 605 1393 Domini
628 1363 710 1393 nostri
725 1365 787 1392 ,10511
804 1365 913 1400 Christi,

200 1410 310 1448 quicum
323 1411 406 1446 Patri,
417 1422 521 1450 unaque
530 1411 644 1451 Spiritui
659 1416 749 1438 sancto
761 1409 855 1448 gloria,
866 1411 914 1439 ho-

202 1467 260 1494 nor,
277 1457 420 1497 imperium
434 1458 459 1485 111
473 1457 568 1486 saecula
581 1457 749 1486 saeculorum.
767 1460 859 1486 Amen.

932 158 949 180 Α
957 158 1072 181 ticum-11¹
1080 174 1087 181 .
1115 159 1176 182 CON
1183 160 1240 183 §TA
1247 160 1263 182 λ
1270 162 1299 183 Tt
1305 161 1380 184 301²

970 223 1058 250 νέα-θαι
1074 224 1120 257 τ’ῆς
1144 223 1268 258 αἰτησεως
1291 224 1364 257 ἄξιοι.
1389 224 1443 253 Κᾶν
1466 225 1611 263 &arpeo-teir:
1613 237 1668 254 υτοι
1686 226 1731 254 καὶ

970 268 1062 307 ἔρημοι
1075 271 1161 306 ὠμεν,
1177 269 1212 306 μὴ
1228 270 1441 309 ἀπαγορευωμεν,
1456 270 1550 303 εἰδότες
1569 284 1608 300 οτι
1629 272 1729 310 μεγάλη

969 325 1128 353 προστασια,
1146 316 1176 344 τὸ
1190 315 1266 344 αυτὸν
1281 317 1313 344 δι’
1329 318 1421 345 ἑαυτοῦ
1441 317 1591 355 προσελθεῖν
1607 329 1644 355 τῳ
1669 320 1729 356 Θεῷ

970 360 1037 397 μετὰ
1051 360 1194 399 προθυμίας
1208 363 1314 397 πολλῆς.
1332 362 1385 390 Κᾶν
1399 362 1481 400 μέλλῃ
1502 362 1545 390 καὶ
1565 363 1730 397 ἀναῆάληται

970 405 1032 444 πρὸς
1047 407 1093 441 τᾶν
1109 406 1188 442 δόσιν,
1201 407 1237 444 μὴ
1251 407 1438 446 ἁναπέσωμεφ,
1454 408 1604 446 μαθόντες“
1589 421 1626 437 οτι
1639 412 1655 444 ἠ
1670 409 1731 447 μέλ-

969 456 1043 487 λησις
1058 454 1101 481 καὶ
1112 453 1225 488 ἀναὲολὴ
1239 455 1394 491 κηδεμονίας
1415 467 1458 483 και
1470 456 1514 494 φιλ
1517 455 1686 495 ανθριι1πίας’
1675 455 1730 484 εστὶ

968 499 1118 538 τεκμήριον.
1132 499 1177 527 Αν
1194 511 1274 532 ουτως
1288 502 1356 538 ὦμεν
1371 501 1524 534 πεπεικότες
1543 501 1664 535 ἑαυτους,
1686 501 1731 530 καὶ

970 557 1017 583 μετ
1020 545 1035 574 ὰ
1048 548 1102 585 1³⁹!
1102 558 1132 580 ης
1142 546 1302 584 ὁδυνιυμένης
1312 558 1356 575 και
1367 549 1462 587 θερμῆς
1474 547 1517 576 καὶ
1530 549 1567 576 διε
1570 561 1601 586 (r,
1604 547 1730 587 γερμένης

969 603 1076 630 προαιρε
1066 591 1106 619 ἐιν
1109 603 1151 625 ως,
1164 603 1207 620 και
1222 603 1261 620 τοι
1265 604 1344 626 αυτης
1370 604 1423 625 οιας
1436 595 1452 627 ἡ
1469 594 1604 639 Χαναναία
1616 595 1730 632 προσῆλ-

970 639 1024 671 θεν,
1040 649 1110 665 αυτι)
1122 649 1271 676 προσιωμεν
1283 650 1327 666 και
1339 641 1429 676 ἡμεῖς,
1440 638 1488 666 κᾶν
1499 639 1572 671 κύνες
1585 634 1670 677 ιι1μεν,
1683 639 1730 667 κᾶν

969 685 1049 711 ὁτιοῦν
1071 683 1234 722 εἰργασμένοι
1257 684 1352 719 δεινον,
1365 696 1409 712 και
1428 684 1461 712 τὰ
1474 685 1555 713 οἰκεῖα
1569 684 1730 723 ἀποκρουσά-

970 731 1036 767 μεθα
1051 730 1135 765 κακὰ,
1152 730 1196 757 καὶ
1211 730 1339 765 τοσαύτην
1354 729 1491 769 ληψόμεθα
1506 730 1653 769 παρρησίαν
1663 753 1669 765 ,
1697 732 1733 762 ὡς

969 775 1013 803 καὶ
1034 775 1127 814 ἑτέρων
1150 778 1312 814 προστῆναι·
1327 776 1353 804 ὃν
1375 776 1469 815 τρόπον
1491 776 1536 804 καὶ
1556 775 1619 810 αὕτη
1639 778 1655 810 ἡ
1679 777 1732 804 Χα-

969 820 1060 849 ναναία
1075 823 1103 849 οὐ
1123 821 1198 859 μόνον
1222 821 1285 856 αὐτὶ,
1298 822 1445 860 παρ’ῥησίας
1465 821 1594 850 ἀπέλαυσε
1614 822 1659 850 καὶ
1679 834 1730 859 μυ-

970 867 1029 905 ρίων
1043 866 1189 905 ε’γκιι1μίιι1ν,
1202 867 1269 895 ἀλλὰ
1280 867 1324 895 καὶ
1339 868 1368 896 τὸ
1382 867 1515 907 θυγάτριον
1529 868 1580 894 τῶν
1595 867 1732 906 ἀφορήτων

970 913 1073 951 {choo-ev
1088 912 1233 952 ἐξαρπάσαι
1253 914 1351 941 δεινῶν.
1374 913 1458 941 Οὐδὲν
1472 913 1537 951 γὰρ,
1558 913 1630 940 οὐδὲν
1653 913 1734 951 εὐχῆς

969 958 1142 996 δυνατώτερον
1155 958 1344 997 πεπυρωμένης
1357 958 1400 986 καὶ
1420 958 1536 996 γνησίας.
1551 958 1623 993 Αὕτη
1644 958 1688 987 καὶ
1699 958 1732 986 τὰ

969 1003 1085 1043 παρόντα
1099 1003 1197 1031 διαλύει
1213 1003 1293 1038 δεινὰ,
1306 1004 1350 1032 καὶ
1365 1006 1416 1032 τῶν
1429 1005 1487 1032 κατ’
1505 1006 1600 1033 ἐκεῖνον
1615 1004 1658 1032 τὸν
1672 1016 1732 1032 και-

971 1050 1012 1088 ρὸν
1033 1049 1228 1086 συμῧαινόντων
1244 1049 1381 1088 ἐξαρπάζει
1402 1050 1544 1078 κολάσεων.
1559 1049 1608 1078 Ἵν’
1629 1045 1670 1078 οὖν
1688 1049 1732 1078 καὶ

969 1096 1012 1124 τὸν
1027 1095 1143 1135 παρόντα
1166 1095 1220 1133 βίον
1246 1096 1302 1133 μετ’
1321 1095 1438 1128 εὐκολίας
1459 1096 1639 1133 διανύσωμεν,
1658 1098 1734 1124 κάκεῖ

970 1141 1036 1179 μετὰ
1048 1141 1194 1195 παρρησίας
1209 1141 1363 1179 ἀπέλθωμεν
1374 1165 1380 1177 ,
1393 1143 1476 1180 πολλῇ
1495 1143 1593 1180 σπουδῇ
1606 1141 1650 1170 καὶ
1666 1154 1733 1181 προ·

969 1187 1047 1225 θυμία
1062 1199 1126 1215 ταυτ
1117 1199 1184 1222 ηνε
1174 1187 1277 1215 ἐπιτελ
1265 1199 1365 1224 εσωμεν
1380 1187 1671 1226 διηνεκιι1ς.οὕτωγοιρ
1686 1188 1731 1216 δυ-

968 1232 1100 1270 νησόμεθα
1124 1232 1168 1261 καὶ
1183 1244 1233 1261 των
1250 1233 1428 1270 αποκειμένων
1449 1238 1536 1272 τυχεῖν
1553 1235 1671 1271 ἀγαθῶν,
1689 1234 1734 1262 καὶ

968 1290 1019 1307 τιι1ν
1031 1290 1153 1318 χρηστων
1166 1278 1304 1306 ἀπολαύειν
1320 1279 1451 1307 ἐλπιδων·
1466 1281 1500 1307 ὡν
1515 1279 1615 1315 γένοιτο
1634 1278 1734 1312 πάντας

968 1328 1037 1363 ἧμας
1050 1336 1157 1363 επιτυγε
1147 1329 1196 1359 ἰν,
1214 1324 1303 1364 χάριτι
1322 1337 1366 1352 και
1388 1325 1567 1365 φιλανθρωπια
1579 1325 1622 1353 καὶ
1633 1326 1730 1363 οἰκτιρ-

969 1375 1025 1408 υοῐς
1052 1374 1096 1398 τοῦ
1122 1370 1218 1410 Κυρίου
1249 1373 1324 1407 ἡμων
1351 1370 1436 1405 Ἰησοῦ
1467 1372 1595 1409 Χριστου,
1621 1371 1677 1406 μεθ
1701 1374 1729 1399 οὑ

967 1429 1004 1445 τιι1
1028 1416 1114 1455 Πατρὶ
1143 1417 1197 1453 ἅμα
1218 1428 1256 1444 τι1
1282 1416 1348 1455 ἁγίι)
1385 1417 1519 1454 Πνευματι
1551 1416 1591 1445 8όῖ
1582 1429 1625 1452 αι,
1650 1416 1731 1455 τιμὴ,

968 1463 1060 1502 κράτος
1075 1464 1110 1495 εἷς
1124 1462 1180 1495 τοὺς
1196 1465 1291 1494 αἰῶνας
1304 1465 1354 1491 τῶν
1367 1463 1475 1492 αἰώνων.
1493 1463 1583 1501 Ἀμήν.

759 1669 1168 1732 MONITUM

662 1810 709 1845 IN
736 1808 969 1845 HOMILIAM
998 1808 1059 1843 DE
1083 1807 1252 1843 VIDUIS.

239 1923 313 1951 Hanc
326 1921 465 1950 homiliam
477 1920 568 1949 eodem
583 1930 650 1948 anno
661 1918 806 1957 eodemque
819 1919 900 1947 ferme
913 1925 1029 1957 tempore
1042 1917 1162 1945 habitam
1175 1917 1256 1945 fuisse
1266 1939 1273 1953 ‚
1287 1927 1340 1954 quo
1350 1916 1465 1944 Humilia
1475 1916 1501 1944 in
1510 1916 1652 1953 Kalendas,
1667 1928 1725 1956 qua!

198 1971 285 2010 primo
298 1968 361 1997 anni
375 1967 427 2003 dic,
434 1974 458 1995 et
474 1965 639 1994 Homiliiede
652 1965 762 1999 lazaro
773 1975 832 2002 quae
847 1964 1016 2002 sequentibus
1029 1964 1142 1992 incuntis
1155 1963 1214 1991 anni
1231 1962 1326 1991 diebus
1341 1963 1518 2001 pionuntiata
1533 1970 1604 1999 sunt,
1619 1963 1644 1992 in
1667 1964 1724 2003 ipso

198 2016 366 2054 significatul
380 2012 514 2042 concionis
530 2010 648 2047 exordio,
660 2011 706 2038 ubi
722 2010 835 2045 dicitnr,
852 2021 935 2049 nuper
950 2010 976 2038 in
993 2009 1070 2045 illud,
1079 2010 1124 2037 De
1139 2009 1344 2037 dormzentibus
1360 2009 1427 2036 nolo
1444 2020 1497 2037 vos
1509 2011 1652 2048 ignorare,
1663 2010 1724 2039 etin

198 2061 416 2091 resuirectionem
436 2067 540 2087 oratum
554 2058 643 2087 fuisse.
658 2057 720 2086 Haec
735 2068 814 2096 porro
834 2056 867 2085 de
886 2055 1080 2084 dormientibus
1098 2054 1189 2083 concio
1198 2054 1312 2093 ,quinta
1329 2053 1407 2082 estin
1419 2054 1484 2082 serie
1496 2055 1604 2083 llomili
1600 2066 1673 2084 irum
1692 2055 1726 2085 de

199 2109 306 2143 Lazaio,
320 2114 349 2134 ut
365 2105 549 2134 vide.«s'.r01n
564 2105 587 2141 I,
605 2116 631 2143 p.
647 2105 715 2137 762,
731 2114 820 2142 supina
834 2102 936 2131 Eodem
951 2102 1033 2140 ioitur
1047 2111 1126 2137 anno,
1143 2108 1167 2129 et
1182 2100 1290 2138 quidem
1305 2100 1419 2136 ineunte,
1436 2100 1514 2129 113500
1527 2112 1623 2129 novem
1638 2101 1720 2130 homi-

199 2154 256 2189 lias,
269 2162 363 2191 nempe
382 2152 407 2179 in
424 2151 565 2187 Kalendas,
576 2157 675 2189 septem
693 2149 726 2177 de
745 2150 852 2185 Lazaro,
866 2155 891 2177 et
905 2148 973 2176 hanc
988 2148 1029 2175 De
1046 2146 1136 2175 viduis
1151 2146 1300 2175 Antiochiae
1322 2145 1416 2174 habuit
1432 2146 1646 2187 Clirysostomus.
1657 2148 1724 2182 Quis

200 2206 288 2227 autem
309 2198 353 2226 illc
367 2197 446 2224 suerit
461 2207 555 2232 annus,
570 2196 645 2224 nobis
660 2206 767 2234 prorsus
787 2195 915 2223 incertum
939 2193 1051 2223 videtur.
1064 2193 1094 2221 In
1114 2203 1213 2220 annum
1226 2192 1280 2221 587
1300 2192 1356 2220 haec
1367 2192 1478 2220 contulit
1491 2193 1532 2220 vir
1554 2192 1723 2222 doctissimus

199 2244 389 2273 Tillemontius
407 2254 412 2269 :
429 2242 475 2271 scd
497 2241 630 2269 levissima
648 2241 682 2269 de
696 2252 785 2275 causa,
802 2247 830 2268 ut
845 2240 935 2269 videas
953 2240 978 2268 in
996 2239 1097 2267 Monito
1113 2239 1145 2267 ad
1157 2238 1302 2266 llomiliam
1326 2238 1352 2266 in
1369 2238 1512 2275 Kalendas,
1528 2240 1560 2267 T.
1575 2239 1596 2273 Ι,
1611 2250 1638 2278 p.
1652 2241 1720 2268 697,

199 2291 249 2319 llic
264 2301 326 2319 vero
340 2299 439 2317 novum
452 2294 541 2315 contra
553 2287 627 2314 illam
637 2287 790 2314 seutentiam
806 2286 960 2325 scrupulum
973 2285 1129 2324 injicicmus.
1139 2285 1246 2312 Certum
1261 2291 1299 2312 est
1307 2283 1524 2322 Chrysostomum
1539 2294 1608 2311 anno
1619 2284 1724 2313 ineunte

199 2337 256 2366 587
273 2347 324 2364 nou
340 2344 438 2374 paucas
448 2332 572 2360 habuisse
587 2332 724 2360 conciones
737 2332 909 2372 ι1οὁμοουσίῳ
924 2338 948 2360 et
963 2338 1052 2360 contra
1064 2333 1218 2359 Anomoeos:
1234 2339 1280 2357 nec
1294 2329 1381 2357 minus
1392 2335 1492 2357 certum
1509 2329 1591 2357 solere
1601 2330 1723 2370 Chryso-

199 2390 315 2411 stomum
330 2380 523 2420 practeritarum
543 2378 699 2405 concionum
714 2378 862 2405 meminisse
876 2389 881 2404 :
896 2388 929 2406 an
944 2388 1006 2407 vero
1027 2376 1177 2414 contingere
1194 2376 1288 2414 potuit,
1304 2382 1332 2402 ut
1346 2375 1450 2413 vigente
1464 2375 1511 2402 illa
1535 2374 1724 2415 disceptatione

199 2436 289 2457 contra
305 2428 451 2461 Anomoeos,
466 2424 491 2452 in
507 2423 578 2451 nulla
590 2423 716 2451 harumce
727 2433 822 2450 novem
832 2423 1012 2461 homiliarum,
1024 2434 1082 2461 quae
1095 2422 1150 2451 sine
1160 2421 1244 2450 dnbio
1254 2421 1322 2449 inter
1334 2420 1464 2449 Humilias
1476 2428 1566 2449 contra
1581 2424 1722 2451 Anomoeos

198 2473 359 2502 intermixtae
374 2472 489 2506 fuerunt,
499 2469 520 2497 si
537 2468 584 2497 illo
598 2479 666 2496 anno
680 2468 757 2496 dicta:
770 2468 876 2505 suerint,
894 2468 927 2496 dc
941 2469 986 2497 illa
998 2468 1174 2497 controversia
1191 2477 1316 2505 umquam
1329 2466 1496 2495 meminerit?
1510 2466 1639 2496 Hacmihi
1653 2478 1719 2497 nova

197 2521 304 2549 suborta
320 2516 463 2547 dubitandi
477 2526 565 2552 cansa,
579 2514 659 2543 animi
675 2514 775 2553 pendeo
790 2514 872 2543 donec
885 2515 949 2553 quid
966 2515 1062 2544 certius
1076 2521 1200 2553 emergat.

238 2563 421 2605 lutei-pictatio
430 2562 523 2591 Latina
539 2568 576 2589 cst
592 2560 732 2590 Frontonis
747 2560 848 2588 Ducaei.
