1843 2810
63 363 149 383 (Iucuso
166 370 204 383 :m-

66 402 93 413 no
117 393 171 423 4⁰4·

65 1429 151 1449 (tm-uso
166 1435 206 1448 an-

66 1468 123 1479 antio
139 1458 192 1488 (fos.-

214 144 284 179 856
541 156 569 178 s.
598 154 737 177 mimis
764 153 944 176 eiinrsosr.

448 266 579 296 CXCVI.
599 266 696 294 Aelio.

258 359 314 388 Nos
341 365 391 387 tuae
413 359 529 387 caritatis
551 357 675 387 oblivisci
700 366 752 384 non
780 364 930 395 possumus,

215 405 344 443 ardentis,
360 406 477 442 sincerae,
496 404 646 440 defaecatae,
664 413 748 442 purae,
767 401 932 438 minimeque

214 452 319 487 fucatae,
335 450 383 479 sed
402 456 529 489 perpetuo
547 456 570 477 te
591 449 680 477 animo
701 446 931 482 circumferimus,

215 503 240 525 et
252 496 415 536 insculptum
430 495 530 534 pectori
542 501 633 523 nostro
645 501 788 534 gestamus.
804 492 838 522 Et
852 501 932 530 cupe-

216 553 304 571 remus
323 541 432 580 quidem
455 541 605 579 frequenter
629 548 654 569 te
677 550 782 569 cernere
800 550 806 566 :
824 537 932 576 quando

216 596 304 617 autem
316 589 373 627 jani
391 586 420 615 id
442 587 498 615 lieri
517 586 618 625 nequit,
634 592 752 614 nostram
774 595 822 624 per
842 583 933 611 literas

216 634 390 673 cupiditatem
411 633 560 672 explemus,
581 639 607 661 et
629 639 680 660 tuae
699 629 792 671 pietati
813 629 932 657 debitam

217 679 404 708 salutationem
416 678 606 718 persolvimus,
619 688 651 706 ac
666 684 692 706 te
708 677 890 711 cohortamur,
904 681 933 702 ut

217 726 272 764 ipse
284 735 389 763 quoquc
402 724 498 764 saepius
512 724 548 753 ad
562 735 610 752 nos
631 723 744 752 scribas.
761 723 932 759 Quamquam

215 771 286 800 enim
300 771 385 800 multa
399 770 425 798 in
441 770 586 799 solitudine
605 769 739 808 degimus,
758 778 788 796 ac
803 773 875 795 metu
893 766 933 795 la-

215 824 322 846 tronum
334 816 499 852 obsidemur,
515 816 661 854 morboque
674 814 837 849 detinemur,
854 812 876 840 si
892 819 933 840 ta-
949 820 967 842 Ε

215 874 275 892 men
295 874 309 891 a
331 870 376 892 tua
397 862 536 891 nobilitate
553 862 643 890 literas
661 859 853 899 acceperimus,
874 869 933 896 quae

214 909 248 938 de
263 916 307 938 tua
322 908 475 939 valetudine
490 908 614 937 certiores
627 918 674 936 nos
688 906 797 941 faciant,
810 903 934 939 multam,

215 956 295 984 ctiam
319 955 386 984 dum
413 965 522 994 peregre
550 964 701 991 versamur,
727 950 933 980 consolationem

215 1001 403 1041 percipiemus.
420 1001 489 1030 Cum
504 1000 586 1039 igitur
597 998 707 1028 minime
721 998 837 1036 ignores,
850 1006 933 1034 quan—

214 1054 270 1076 tam
290 1058 305 1076 a
325 1047 402 1076 nobis
424 1047 539 1075 initurus
557 1046 592 1074 sis
615 1045 744 1084 gratiam,
765 1049 864 1082 quanta
885 1052 933 1071 nos

215 1093 307 1121 laetitia
328 1093 364 1121 sis
383 1093 536 1128 affectui-us,
555 1102 597 1127 ne,
618 1100 717 1129 quaeso,
742 1096 842 1118 tantam
857 1088 933 1116 nobis

216 1139 337 1168 invideas
349 1138 524 1178 voluptatem,
535 1137 626 1166 sedda
635 1147 756 1176 operam,
769 1142 798 1163 ut
809 1135 932 1172 frequen-

216 1185 269 1213 tius
285 1185 319 1214 ad
340 1195 388 1213 nos
406 1185 494 1213 literas
518 1184 608 1212 mittas
624 1196 630 1211 ε
646 1183 760 1212 multam
780 1181 851 1210 enim
870 1180 934 1209 inde

217 1230 367 1271 percepturi
379 1241 472 1259 sumus
485 1230 660 1269 voluptatem.

941 1311 977 1330 710

318 1330 465 1359 CXCVII.
476 1329 577 1359 Studio
589 1330 727 1369 proefecto
744 1330 831 1358 urbis.
952 1340 970 1361 A

263 1424 324 1452 Scio
348 1423 473 1461 equidem
498 1430 524 1452 te
547 1422 706 1462 prudentem
729 1422 877 1458 hominem,
903 1432 933 1450 ac

218 1469 426 1509 philosophandi
447 1469 573 1509 peritum,
590 1468 671 1496 etiam
687 1474 828 1505 antequam
843 1467 933 1495 literas

218 1522 320 1543 nostras
333 1514 459 1553 accipias,
476 1514 546 1542 beati
560 1513 650 1542 fratris
665 1512 867 1551 magnificentiae
881 1519 933 1540 tuce

218 1561 364 1589 discessum
375 1559 511 1588 moderate
520 1559 639 1587 laturum
655 1570 661 1585 :
676 1568 728 1586 non
739 1558 810 1586 enim
821 1564 932 1586 mortem

218 1606 303 1645 placet
318 1605 462 1644 appellare.
476 1603 610 1640 Quoniam
624 1610 713 1632 autern
727 1613 773 1631 nos
785 1602 864 1631 etiam
874 1613 933 1640 quie

219 1658 373 1680 nostrarum
393 1657 454 1678 sunt
475 1649 593 1689 partium
615 1655 741 1688 praestare
761 1658 865 1676 necesse
885 1654 934 1683 est,

219 1696 405 1725 excellentiam
423 1702 497 1724 tuam
514 1695 616 1730 hortor,
635 1694 744 1722 domine
762 1693 935 1732 magnificen-

219 1742 329 1778 tissime,
343 1748 373 1769 ut
392 1741 443 1770 boc
464 1750 569 1779 quoque
586 1747 713 1778 tempore,
732 1739 819 1776 qualis
839 1749 876 1773 es,
894 1745 933 1767 te-

219 1788 306 1827 ipsum
321 1787 458 1823 exhibeas,
474 1796 525 1814 non
539 1792 568 1814 ut
582 1785 690 1813 omnino
705 1795 757 1813 non
772 1785 862 1813 doleas
880 1795 886 1811 :
905 1783 934 1812 id

218 1834 289 1862 cnim
304 1833 362 1861 fieri
377 1832 477 1869 nequit,
493 1842 553 1860 cum
571 1831 651 1860 homo
672 1830 709 1858 sis
729 1830 833 1869 corpori
852 1840 932 1858 anne-

218 1891 281 1916 xus,
290 1887 315 1907 et
323 1878 453 1918 ejusmodi
463 1879 571 1906 fratrem
578 1876 697 1914 requiras
708 1888 713 1903 :
724 1876 769 1904 sed
779 1883 808 1904 [ι’.
818 1876 934 1904 tristitiae

219 1925 329 1954 modum
343 1924 482 1953 adhibeas.
500 1923 576 1952 Nosti
589 1922 660 1951 enim
670 1933 751 1961 quam
762 1922 870 1961 fragiles
882 1922 936 1950 sint

219 1983 261 2001 res
281 1972 414 2008 humanae,
429 1981 460 1999 ac
482 1969 636 1998 fluvialium
651 1968 830 1997 conditionem
851 1968 935 1997 unda-

220 2029 280 2046 rum
294 2018 445 2053 imitentur,
461 2016 499 2045 sic
516 2023 545 2044 ut
565 2026 608 2043 eos
623 2015 710 2043 solum
732 2015 822 2043 beatos
837 2015 935 2043 censeri

218 2070 349 2102 oporteat,
366 2063 412 2101 qui
434 2073 495 2091 cum
518 2062 587 2090 bona
608 2071 654 2100 spe
674 2068 831 2100 praescntcm
851 2061 936 2090 vitam

219 2109 344 2138 finierint.
359 2110 420 2138 Non
440 2109 510 2138 enim
529 2107 565 2136 ad
586 2114 697 2135 mortem
713 2113 835 2146 pergunt,
856 2106 902 2135 sed
920 2117 935 2134 a

219 2155 409 2184 certaminibus
427 2154 463 2183 ad
481 2154 604 2193 praemia,
623 2165 638 2182 a
656 2153 735 2181 luctis
752 2164 782 2182 ac
803 2152 934 2192 palaestris

951 1796 969 1818 B

219 2206 253 2235 ad
269 2216 389 2240 coronas,
403 2216 418 2233 a
431 2205 497 2233 mari
518 2204 642 2244 procellis
654 2204 754 2243 agitato
773 2203 807 2232 ad
825 2210 934 2243 portum

252 2301 264 2318 l*
282 2300 337 2323 Duo
350 2299 408 2324 MSS.
423 2301 588 2332 καρπωσόμεῦα
601 2303 641 2326 τὴν
653 2302 808 2331 παραμυθία).

251 2347 261 2358 n
278 2339 356 2370 Hujus
365 2337 448 2363 Studii
460 2338 554 2360 mentio
566 2336 672 2360 liabetur
685 2337 748 2361 infra
762 2338 786 2361 iu
795 2337 852 2361 Vita
864 2335 975 2369 Chryso-

219 2377 292 2405 stonii
303 2387 344 2410 per
352 2376 605 2405 Palladium2mffl02
614 2379 715 2410 ὕπαρχον
724 2376 977 2408 n515m;.S111diiJu-oe-

210 2421 283 2452 secti
292 2418 370 2448 urbis,
380 2417 421 2448 qui
432 2424 489 2440 cum
501 2414 554 2438 aliis
567 2413 659 2438 ibidem
671 2415 814 2438 memoratis
827 2415 977 2438 calumniam

220 2468 233 2482 a
253 2459 349 2483 joanne
364 2457 494 2488 episcopo,
506 2453 532 2478 id
545 2460 581 2478 est
594 2452 790 2486 Chrysostomo,
803 2453 974 2485 depellebant,

219 2506 274 2529 quse
283 2496 366 2520 omnia
378 2494 489 2527 pluribus
498 2493 521 2517 in
530 2493 586 2517 Vita
594 2491 778 2526 Clirysostomi,
785 2493 868 2516 Tomo
879 2492 975 2518 ultimo.

220 2537 287 2561 Alius
298 2542 380 2560 autem
393 2534 432 2558 hic
444 2539 494 2565 eet,
505 2539 531 2557 ut
544 2538 609 2557 recte
622 2538 707 2556 monet
718 2533 815 2556 Fronto
828 2532 938 2562 Dum-us,
947 2531 978 2555 ab

975 152 994 174 A
1000 153 1116 175 RCHIEI‘
1123 168 1129 175 .
1159 154 1221 175 CON
1227 154 1285 176 §TA
1292 155 1308 176 N
1314 155 1344 177 TI
1351 154 1412 177 NOP
1418 170 1425 177 .

1271 264 1335 303 fal-52
1362 253 1460 304 Ἀετίω.

1026 354 1119 392 Ἡμεῖς
1133 366 1178 383 σου
1190 356 1236 390 τ’ἥς
1249 356 1352 395 ἀγάπης
1362 357 1484 387 οὐδέποτε
1500 357 1667 387 ἐπιλαθέσθαι
1679 359 1752 387 δυνά-

986 402 1067 438 μεθα,
1079 402 1126 434 τῆς
1136 402 1242 439 θερμῆς,
1255 402 1299 430 καὶ
1309 403 1429 440 γνησίας,
1441 404 1486 432 καὶ
1495 405 1694 443 πεπυρωμένης,
1705 406 1752 439 τ’ἤς

985 446 1138 484 εἰλικρινοῦς
1156 446 1202 475 καὶ
1221 447 1330 483 ἀδόλου,
1350 448 1418 477 ἀλλὰ
1436 450 1561 485 διηνεκῶς
1576 450 1619 479 ἐπὶ
1638 449 1753 481 διανοίας

986 503 1015 520 σε
1025 491 1209 531 περιφέρομεν,
1223 494 1268 521 καὶ
1283 493 1377 532 ἔχομεν
1389 496 1613 534 ἐγκεκολαμμένον
1628 497 1703 534 ἡμῶν
1714 497 1753 534 τῷ

986 538 1124 566 συνειδότι.
1137 539 1189 567 Καὶ
1205 539 1364 577 ἐδουλόμεθα
1378 540 1425 578 μὲν
1439 541 1483 569 καὶ
1499 544 1561 581 ὁρᾷν
1576 554 1604 570 σε
1622 544 1736 581 συνεχῶς
1746 554 1752 559 ·

986 584 1043 613 ἐπεὶ
1057 583 1083 612 δὲ
1099 587 1175 613 τοῦτο
1188 585 1253 617 τέως
1266 587 1315 624 οὐχ
1329 581 1380 614 οἷόν
1398 598 1427 614 τε
1437 609 1444 622 ,
1464 587 1506 615 διὰ
1521 589 1573 616 τῶν
1587 588 1752 627 γραμμάτιον

986 629 1033 664 τὴν
1051 630 1190 668 ἐπιθυμίαν
1210 630 1257 666 τὴν
1279 632 1377 659 ἑαυτῶν
1399 633 1559 671 πληροῧμεν,
1581 633 1628 668 τὴν
1653 635 1753 673 ὀφειλο-

988 676 1068 713 μένην
1089 676 1233 715 πρόσρησιν
1252 677 1418 710 ἀποδιδόντες
1440 690 1484 707 σου
1507 681 1539 717 τῇ
1566 679 1696 718 εὖλαὸείᾳ,
1709 679 1754 708 καί

988 733 1017 750 σε
1031 723 1235 760 παρακαλοῦμεν
1253 722 1298 751 καὶ
1316 722 1408 751 ἑαυτὸν
1425 726 1540 763 συνεχῶς
1554 726 1617 762 ἡμῖν
1632 724 1754 753 ἐπιστέλ-

986 768 1050 796 λειν.
1070 769 1102 796 Εἰ
1119 767 1170 807 γὰρ
1185 769 1230 797 καὶ
1245 770 1271 797 ἐν
1288 769 1385 808 ἐρημίᾳ
1405 770 1572 809 διατρίὸομεν
1588 771 1688 809 πολλῇ,
1709 771 1754 799 καὶ

986 813 1037 842 ὑπὸ
1055 813 1135 852 φόὸου
1153 815 1257 852 λῃστῶν
1277 815 1500 853 πολιορκούμεθα,
1516 816 1561 844 καὶ
1581 817 1607 844 ἐν
1619 816 1755 855 ἀρρωστίᾳ

987 860 1161 898 τυγχάνομεν,
1178 861 1235 889 ἀλλ’
1255 860 1299 889 ἐὰν
1318 860 1451 898 δεξώμεθα
1466 863 1612 902 γράμματα
1624 862 1697 901 παρὰ
1708 864 1755 896 τῆς

987 905 1116 944 εὐγενείαις
1136 907 1183 939 τῆς
1203 908 1268 941 σῆς,
1296 907 1515 945 εὐαγγελιζόμενοι
1539 910 1603 946 ἡμῖν
1627 908 1687 947 περὶ
1708 910 1755 943 τῆς

987 951 1074 989 ὑγείας
1093 962 1152 985 σου,
1173 951 1273 986 πολλὴν
1289 952 1334 981 καὶ
1355 954 1380 981 ἐν
1403 953 1528 993 ἀλλοτρίᾳ
1543 955 1614 986 ὄντες
1628 954 1754 993 Ι’καρπω-

987 996 1085 1034 σόμεθα
1101 996 1148 1031 τὴν
1170 997 1347 1036 παράκλησιν.
1361 998 1446 1031 Εἰδὼς
1469 995 1511 1027 οἶν
1531 999 1610 1034 ιἡλίκα
1625 1002 1690 1039 ἡμῖν
1701 1012 1755 1039 χα-

988 1043 1046 1081 ριῇ,
1072 1042 1115 1070 καὶ
1137 1043 1199 1078 ὅσην
1223 1045 1287 1081 ἡμῖν
1307 1043 1427 1082 παρέξεις
1451 1044 1498 1079 τὴν
1523 1044 1690 1084 εὐφροσύνην,
1717 1044 1754 1083 μὴ

987 1088 1117 1127 φθονήσῃς
1130 1091 1194 1126 ἡμῖν
1213 1091 1259 1124 τ’ῆς
1271 1089 1399 1125 τοσαύτης
1419 1091 1525 1125 ἡδονῆς,
1541 1090 1609 1119 ἀλλὰ
1627 1090 1755 1123 σπούδαζε

986 1136 1049 1172 ἡμῖν
1061 1134 1244 1174 συνεχέστερον
1261 1136 1422 1165 ἐπιστέλλειν
1436 1148 1440 1153 ·
1455 1136 1555 1171 πολλὴν
1573 1136 1622 1175 γὰρ
1641 1138 1754 1166 ἐντεῦθεν

987 1180 1180 1219 καρπωσόμεθα
1195 1181 1241 1216 τὴν
1256 1182 1360 1217 ἡδονήν.

1139 1327 1202 1364 ρῆζ’.
1225 1330 1235 1341 ³
1245 1326 1362 1365 Στουδίῳ
1377 1327 1485 1366 ἐπάρχῳ
1497 1327 1606 1360 πόλεως.

1027 1411 1096 1445 Οἶδα
1116 1416 1173 1454 μὲν,
1188 1416 1228 1445 ὅτι
1247 1417 1349 1449 συνετὸς
1371 1417 1417 1452 ὧν,
1438 1418 1482 1446 καὶ
1497 1419 1644 1458 φιλοσοφεῖν
1662 1420 1754 1455 εἰδὼς,

987 1461 1032 1490 καὶ
1043 1462 1093 1500 πρὸ
1105 1463 1156 1490 τῶν
1171 1462 1334 1500 γραμμάτων
1349 1465 1399 1492 τῶν
1414 1464 1549 1504 ἡμετέρων
1569 1466 1660 1505 πράως
1678 1466 1756 1498 οἴσεις

987 1511 1031 1537 τοῦ
1048 1508 1176 1547 μακαρίου
1199 1510 1309 1548 ἀδελφοῦ
1330 1511 1377 1544 τῆς
1402 1512 1630 1550 μεγαλοπρεπείας
1646 1513 1692 1545 τῆς
1709 1514 1756 1546 σῆς

987 1554 1034 1589 τὴν
1047 1556 1210 1592 ἀποδημίαν·
1229 1557 1257 1584 οὐ
1274 1555 1325 1594 γὰρ
1338 1556 1367 1584 ἂν
1383 1556 1463 1591 αὐτὴν
1484 1557 1625 1595 καλέσαιμι
1637 1558 1755 1586 θάνατον,

988 1601 1099 1636 Ἐπειδὴ
1116 1602 1142 1630 δὲ
1156 1602 1201 1630 καὶ
1215 1604 1286 1639 ἡμᾶς
1299 1604 1439 1641 ἀναγκαῖον
1455 1603 1488 1632 τὰ
1502 1605 1564 1644 παρ’
1583 1606 1682 1632 ἑαυτῶν
1701 1604 1755 1633 εἷσ-

988 1651 1111 1686 ενεγκεῖν,
1127 1648 1274 1686 παρακαλῶ
1286 1659 1332 1676 σου
1346 1647 1394 1683 τὴν
1407 1649 1621 1686 θαυμασιότητα,
1638 1649 1754 1678 δέσποτα

988 1694 1265 1733 μεγαλοπρεπέστατε,
1289 1694 1334 1723 καὶ
1355 1697 1379 1723 ἐν
1401 1697 1439 1735 τῷ
1464 1698 1548 1735 καιρῷ
1571 1696 1654 1736 τούτῳ
1676 1695 1756 1730 δεῖξαι

988 1741 1092 1776 σαυτὸν,
1112 1742 1161 1779 οὐχ
1180 1740 1248 1768 ὥστε
1268 1739 1304 1778 μὴ
1325 1742 1425 1779 ἀλγεῖν·
1445 1744 1521 1770 τοῦτο
1534 1741 1586 1780 γὰρ
1607 1742 1755 1782 ἀμήχανον,

988 1787 1122 1826 ἄνθρωπον
1148 1786 1224 1821 ὄντα,
1249 1786 1293 1814 καὶ
1324 1786 1403 1825 σαρκὶ
1435 1787 1669 1826 συμπεπλεγμένον
1680 1809 1687 1822 ,
1712 1788 1755 1816 καὶ

987 1835 1102 1861 τοιοῦτον
1119 1833 1291 1867 ἐπιζητοῦντα
1303 1831 1412 1871 ἀδελφόν
1423 1843 1429 1849 ·
1442 1833 1500 1861 ἀλλ’
1511 1832 1578 1861 ὥστε
1591 1832 1684 1872 μέτρον
1699 1835 1756 1862 ἐπι-

989 1881 1069 1907 θεῖναι
1089 1880 1122 1917 τῇ
1143 1877 1223 1916 λύπῃ.
1239 1873 1326 1906 Οἶσθα
1344 1877 1395 1917 γὰρ
1406 1880 1456 1906 τῶν
1473 1879 1642 1918 ἀνθρωπίνων
1657 1879 1686 1908 τὸ
1700 1879 1756 1908 ἐπί-

989 1936 1078 1964 κηρον,
1098 1924 1143 1952 καὶ
1165 1923 1205 1952 ὅτι
1227 1922 1365 1961 ποταμίων
1388 1923 1523 1963 ῥευμάτιον
1544 1929 1664 1962 μιμεῖται
1680 1925 1756 1964 φύσιν

989 1970 1022 1999 τὰ
1034 1971 1196 2009 πράγματα,
1217 1970 1261 1998 καὶ
1283 1971 1318 2001 ὡς
1335 1969 1445 2002 ἐκείνους
1468 1970 1560 2008 μόνους
1575 1970 1626 2010 χρὴ
1644 1971 1758 2011 μακαρί-

990 2020 1052 2052 ζειν,
1074 2015 1132 2049 τοὺς
1157 2015 1223 2054 μετὰ
1245 2017 1364 2055 χρηστῆς
1387 2016 1491 2048 ἐλπίδος
1516 2016 1694 2050 καταλύοντας
1713 2017 1757 2046 τὸν

989 2063 1107 2103 παρόντα
1123 2062 1188 2101 βίον.
1200 2062 1240 2090 Οὐ
1250 2061 1299 2101 γὰρ
1315 2061 1357 2090 ἐπὶ
1373 2062 1482 2090 θάνατον
1493 2062 1624 2101 ἔρχονται,
1638 2064 1696 2091 ἀλλ’
1707 2064 1759 2092 ἀπὸ

989 2112 1040 2138 τῶν
1053 2108 1160 2147 ἀγώνων
1174 2107 1217 2137 ἐπὶ
1234 2107 1267 2136 τὰ
1288 2108 1416 2147 βραδεῖα,
1432 2108 1485 2136 ἀπὸ
1500 2110 1550 2136 τῶν
1564 2109 1758 2146 παλαισμάτων

991 2156 1034 2184 ἐπὶ
1046 2155 1104 2188 τοὺς
1116 2154 1272 2194 στεφάνους,
1288 2154 1340 2182 ἀπὸ
1358 2156 1405 2189 τῆς
1417 2154 1611 2193 τεταραγμένης
1626 2155 1759 2190 θαλάσσης

992 2202 1035 2232 ἐπὶ
1049 2201 1144 2240 λιμένα
1158 2200 1318 2238 ἀκύμαντον.
1334 2200 1418 2229 Ταῦτ’
1438 2196 1480 2229 οὖν
1500 2202 1592 2230 ἐννοῶν
1612 2203 1760 2240 παρακάλει

1000 2305 1029 2320 eo
1042 2295 1133 2320 Studio
1145 2296 1187 2327 qui
1200 2303 1267 2319 anno
1282 2295 1338 2321 459,
1353 2295 1491 2326 imperante
1503 2295 1586 2319 Leone
1595 2294 1634 2325 ‚S.
1648 2295 1759 2318 Praecur-

1001 2336 1050 2359 sori
1062 2335 1182 2366 templum
1195 2335 1281 2362 crexit,
1289 2335 1314 2357 in
1323 2342 1372 2366 quo
1382 2333 1519 2358 monachos
1528 2334 1666 2357 Acoemems
1678 2332 1760 2357 dictos

1003 2375 1133 2398 constituit
1144 2383 1148 2396 :
1159 2373 1248 2405 quilius
1260 2380 1371 2404 tempore
1381 2373 1470 2397 Leonis
1483 2371 1561 2396 Isauri
1573 2371 1760 2404 prcefuitTlieo-

1004 2413 1081 2438 dorus
1099 2413 1212 2437 Studitcs
1224 2413 1314 2436 (lictus.
1327 2411 1396 2436 Infra
1410 2417 1467 2443 post.
1480 2419 1564 2435 vocem
1585 2414 1761 2446 μεγαλοπρεπέ-

1003 2465 1071 2479 στατε
1084 2452 1170 2484 adjicit
1187 2452 1293 2476 Savilius
1314 2455 1350 2476 καὶ
1366 2453 1508 2481 &Sogdi-ars,
1521 2450 1601 2474 ambae
1614 2459 1672 2475 vcro
1689 2459 1760 2475 com-

1003 2492 1148 2524 pellationes
1156 2492 1263 2516 Tauano
1276 2489 1392 2523 praesecto
1402 2489 1469 2514 urbis
1478 2488 1655 2514 adscribuntur
1664 2490 1688 2514 in
1698 2490 1760 2522 Syn.

1003 2530 1122 2556 Chalced,
1138 2532 1193 2555 Act⁴
1211 2532 1233 2554 1.
