1843 2810
230 110 298 157 776
549 120 576 142 s.
606 119 743 142 mamus
769 117 950 141 cuRYsosT.

228 183 381 213 conantur?
393 183 425 211 ln
437 183 524 211 forum
540 188 573 218 te,
589 192 648 219 quae
661 187 755 220 praeter
769 179 906 208 ecclesiam
919 185 944 207 et

229 229 384 257 cubiculum
397 228 467 257 nihil
481 238 569 265 noras,
586 232 785 266 pertraxerunt,
801 236 814 253 a
837 226 894 253 foro
910 224 945 252 ad

229 274 384 311 tribunalia,
392 284 407 302 a
416 273 596 302 tribunalibus
608 272 644 300 ad
654 281 794 300 carcerem.
805 270 945 298 Fatsorum

229 320 338 349 testium
364 320 470 358 linguas
497 325 635 353 acuerunt,
663 316 847 356 impudentem
873 315 945 343 calu-

229 365 331 394 mniam
337 363 627 402 concinnarunt,coedes
637 367 832 401 perpetrarunt,
842 359 945 389 cruoris

229 417 358 439 torrentes
368 409 553 449 profuderunt,
566 408 621 446 igni
633 417 664 435 ac
675 408 744 435 ferro
753 407 883 445 juvenum
891 415 947 433 cor-

980 117 1135 140 Ancnmr.
1165 117 1432 140 CONSTANTlNOP.

997 180 1084 208 πάντα
1109 179 1240 214 ἐκίνησαν,
1264 179 1306 207 ἵνα
1332 179 1474 214 δυνηθῶσιν
1500 179 1647 216 ἀναγκάσαι
1669 190 1697 207 σε
1722 178 1766 207 καὶ

999 224 1141 262 βιάσασθαι
1157 226 1193 262 τῷ
1209 224 1283 263 φόδῳ
1300 225 1380 252 εἰπεῖν
1404 223 1528 251 τάναντία
1551 219 1586 251 ὧν
1607 223 1686 262 ᾔδεις.
1715 224 1766 251 Καὶ

998 269 1117 307 καθάπερ
1137 268 1211 300 ἀετὸς
1234 268 1321 307 ὑψηλὰ
1334 268 1488 306 πετόμενος,
1512 267 1580 296 οὕτω
1601 268 1764 308 διαῤῥήξασα

999 316 1083 343 αὐτῶν
1098 314 1131 342 τὰ
1150 314 1257 349 δίκτυα,
1271 314 1335 353 πρὸς
1345 315 1374 343 τὸ
1388 314 1429 342 σοὶ
1443 314 1542 353 πρέπον
1556 316 1603 348 τῆς
1617 313 1765 353 ἐλευθερίας

999 360 1093 394 ἀνέὸης
1108 359 1185 398 ὕψος,
1205 362 1233 387 οὐ
1256 361 1478 398 παραλογισθεῖσα
1502 362 1564 396 παρ’
1582 361 1676 395 αὐτῶν,
1696 358 1764 388 ἀλλὰ

998 405 1042 433 καὶ
1057 405 1220 443 συκοφάντας
1234 403 1324 436 αὐτοὺς
1335 404 1492 443 ἀποφήνασα
1506 405 1549 433 ἐπὶ
1564 407 1601 443 τῷ
1615 404 1764 443 ἐγκλήματι

229 467 295 496 pora
308 461 520 490 consumserunt,
534 453 625 481 multis
633 463 663 481 ac
673 451 810 491 praeclaris
826 451 892 480 viris
902 451 944 478 in·
962 454 980 477 C
998 450 1081 489 τούτῳ
1095 452 1140 478 τοῦ
1155 451 1329 488 ἐμπρησμοῦ,
1345 451 1384 488 ἐφ’
1407 452 1428 488 ᾧ
1450 450 1564 487 μάλιστα
1576 450 1681 479 ἐδόκουν
1697 450 1764 488 μέγα

229 509 352 532 numeras
368 498 461 537 plagas
475 503 500 525 et
514 496 647 525 cruciatus
662 495 820 531 intulerunt,
839 493 945 521 nullum

229 542 346 580 denique
355 541 472 580 lapidem
482 550 534 568 non
541 545 694 574 moverunt,
704 548 757 576 quo
767 544 792 565 te
804 543 876 564 metu
888 547 946 575 per-

229 589 349 617 territam
361 588 412 614 huc
427 586 572 624 adigerent,
587 592 617 613 ut
633 585 676 621 iis,
688 594 746 622 quae
757 582 873 618 videras,
886 592 946 610 con-

230 633 311 661 traria
322 632 431 669 diceres.
444 633 513 659 Attu
524 631 608 659 instar
618 630 715 668 aquilae
729 628 844 657 sublime
856 627 947 656 volan-

229 678 273 713 tis,
287 687 380 705 eorum
394 676 497 705 retibus
513 676 604 704 fractis
618 675 652 703 ad
663 674 794 703 libertatis
809 673 946 711 fastigium

229 723 325 751 virtuti
336 729 388 750 tuae
401 729 604 751 consentaneum
616 720 756 749 ascendisti
769 731 774 746 :
789 719 827 747 sic
838 725 863 746 te
874 728 946 746 com-

229 778 336 806 parans,
346 774 376 795 ut
383 767 417 795 ab
424 767 488 806 ipsis
495 767 605 795 minime
613 764 881 800 circumscribereri53
894 763 947 791 imo

228 813 320 849 etiam,
329 819 459 851 quantum
473 812 509 841 ad
519 813 600 851 hujus
613 810 728 840 incendii
741 810 840 838 crimen
851 809 946 837 attine-

229 859 286 896 bat,
300 860 377 897 cujus
389 858 494 886 nomine
506 858 595 886 miseri
609 864 688 895 atque
699 856 816 884 infelices
828 855 947 883 homines

229 905 376 943 praesertim
387 904 495 943 gloriari
505 903 676 940 videbantur,
686 913 729 931 eos
737 901 876 930 calumniae
887 911 947 929 con-

999 499 1100 534 φρονεῖν
1112 496 1135 523 οἳ
1150 495 1233 523 ἄθλιοι
1241 494 1285 522 καὶ
1296 494 1469 533 ταλαίπωροι.
1480 495 1622 523 Ἐννοοῧσα
1634 495 1719 524 τοίνυν
1731 495 1764 523 τὰ

998 541 1161 580 παρελθόντα
1176 540 1278 568 ἅπαντα
1288 561 1295 573 ,
1311 538 1381 568 πόσα
1394 539 1512 576 κύματα,
1525 540 1570 568 καὶ
1581 540 1700 579 χειμῶνά
1725 551 1765 568 σοι

1000 587 1046 614 οὐκ
1062 586 1226 624 εἰργάσαντο,
1242 584 1310 620 πόση
1323 584 1401 619 ζάλη,
1412 583 1456 612 καὶ
1467 584 1607 613 κλυδώνιον
1621 587 1666 614 οὐκ
1675 585 1765 620 ,ἐποίη-

1001 643 1043 659 σεν
1055 643 1060 648 ·
1079 632 1136 660 ἀλλ’
1151 633 1176 659 ἐν
1190 629 1256 668 μέσῃ
1271 629 1417 668 μαινομένῃ
1433 629 1548 668 θαλάττῃ
1572 630 1638 667 μετὰ
1649 630 1765 669 γαλήνης

999 677 1127 709 ἔπλευσας
1137 689 1142 694 ·
1166 676 1299 715 προσδόκα
1323 675 1425 713 ταχέως
1450 675 1495 703 καὶ
1512 675 1555 704 τὸν
1579 675 1673 713 λιμένα
1698 676 1764 712 μετὰ

999 724 1102 752 πολλῶν
1118 724 1168 750 τῶν
1192 722 1336 760 στεφάνων.
1351 720 1461 755 Ἐπειδὴ
1487 720 1513 748 δὲ
1543 720 1586 748 καὶ
1609 721 1669 760 περὶ
1688 723 1763 758 ἡμῶν

1001 768 1088 806 βούλει
1110 767 1258 806 μανθάνειν,
1278 769 1372 804 ζῶμεν,
1388 766 1547 805 ὑγιαίνομεν,
1571 766 1657 801 πάσης
1677 768 1766 801 ἀπηλ-

999 814 1118 851 λάγμεθα
1135 813 1292 851 ἀρρωστίας.
1315 814 1349 841 Εἰ
1364 812 1390 840 δὲ
1405 811 1449 840 καὶ
1466 813 1661 850 ἦῤῥωστοῧμεν,
1677 813 1764 841 ἱκανὸν

999 862 1063 896 ἡμῖν
1078 860 1214 898 φάρμακον
1228 860 1263 891 εἰς
1274 858 1361 896 ι”ιγείαν
1374 859 1420 892 τῆς
1431 859 1477 891 σῆς
1490 857 1625 889 εὐλαῧείας
1637 860 1653 891 ἦ
1664 858 1764 896 ἀγάπη,

1000 907 1016 939 ἡ
1028 905 1136 943 γνησία,
1149 904 1194 932 καὶ
1210 903 1306 943 θερμὴ,
1321 904 1365 932 καὶ
1378 903 1487 942 στερρὰ,
1503 903 1547 931 καὶ
1563 903 1761 942 ἀπερίτρεπτος.

230 950 358 979 vinceres.
371 951 439 986 Qua:
459 949 540 987 igitur
554 949 739 988 praeterierunt
756 955 844 976 tecum
865 957 945 985 repu-
963 954 982 976 D
1000 950 1077 978 ’Emi
1104 945 1147 978 οὖν
1173 951 1200 978 οὐ
1226 949 1272 984 τὴν
1293 952 1422 987 τυχοῦσαν
1438 951 1502 985 ἡμῖν
1522 948 1678 986 εὐφροσύνην
1693 948 1763 987 φέρει

230 1002 288 1024 tans
300 1007 308 1032 ;
321 1006 415 1034 nempe
437 1002 502 1033 quot
520 995 618 1023 fluctus
637 995 688 1023 orti
712 994 774 1029 sint,
793 994 838 1031 qui
863 999 948 1020 tamen

230 1047 414 1078 tempestatem
427 1039 475 1067 tibi
488 1050 539 1067 non
554 1039 713 1067 invexerunt
723 1050 732 1076 3
744 1044 807 1076 quot
817 1037 950 1076 proeellae,

232 1092 384 1123 quaetamen
394 1085 563 1122 naufragium
575 1084 861 1123 minimepepcrerunt,
873 1082 908 1110 ita
921 1089 950 1110 ut

230 1130 406 1158 furentemari
413 1130 556 1168 tranquilla
563 1130 731 1169 navigaveris
739 1141 744 1156 ε
752 1135 860 1168 portum
870 1127 949 1156 etiam

231 1187 284 1204 una
300 1187 361 1204 cum
375 1176 501 1215 plurimis
520 1175 624 1205 coronis
643 1174 797 1214 propediem
813 1180 948 1212 exspecta.

232 1221 367 1257 Quoniam
381 1229 470 1249 autem
481 1221 514 1249 de
528 1220 603 1249 nobis
617 1231 723 1259 quoque
737 1218 841 1258 aliquid
856 1218 952 1247 audire

232 1267 319 1306 cupis,
340 1267 465 1303 vivimus,
486 1267 619 1303 valemus,
642 1266 737 1294 morbo
753 1263 825 1293 omui
844 1264 951 1293 liberati

232 1323 334 1340 sumus:
351 1312 431 1347 Quod
446 1312 468 1340 si
479 1312 555 1341 ctiam
572 1318 741 1350 mgrotamus,
759 1310 885 1338 idoneum
900 1320 948 1338 no-

231 1358 274 1385 bis
281 1357 315 1385 ad
325 1357 532 1396 recuperandam
543 1357 683 1385 sanitatem
694 1355 844 1384 remedium
852 1362 889 1383 est
900 1355 951 1383 siu·

231 1414 290 1432 cera
302 1410 327 1431 et
342 1404 456 1439 fervens,
471 1413 500 1431 ac
515 1403 591 1431 firma
605 1409 630 1430 ct
642 1408 765 1430 constans
776 1407 821 1429 tua
834 1411 894 1438 erga
909 1411 950 1428 me

232 1449 339 1476 caritas.
358 1449 493 1484 Quoniam
509 1448 591 1485 igitur
614 1458 664 1475 non
686 1446 791 1484 vulgari
812 1446 951 1484 voluptate

230 1493 375 1529 afficimur,
392 1504 453 1521 cum
468 1493 501 1521 dc
514 1500 559 1520 tua
573 1491 726 1520 valetudine
740 1502 770 1519 ac
784 1491 861 1530 plena
873 1502 951 1519 secu-

233 1539 310 1566 ritate
328 1549 408 1576 quam
425 1538 570 1577 szrpissime
585 1537 690 1574 aliquid
708 1536 844 1573 audimus,
862 1543 897 1571 te,
923 1536 951 1564 id

233 1584 305 1622 quod
321 1584 400 1612 etiam
416 1594 465 1611 non
480 1589 571 1621 rogata
587 1583 672 1610 facere
684 1582 760 1617 solcS,
774 1592 909 1620 rogamus,
923 1589 951 1610 ut

233 1630 266 1658 de
277 1637 330 1665 tua,
342 1629 601 1666 domesticorumque
614 1635 720 1656 tuorum
733 1628 853 1656 omnium
865 1638 895 1655 ac
907 1638 950 1655 nc-

233 1675 407 1703 cessariorum
420 1674 574 1703 valetudine
593 1674 691 1713 saepius
707 1673 740 1701 ad
763 1683 809 1701 nos
831 1673 947 1701 scribas:

234 1732 285 1749 uon
300 1721 371 1749 enim
388 1720 503 1758 ignoras,
519 1726 617 1757 quanta
633 1719 671 1747 tui
687 1719 819 1756 totiusque
834 1725 885 1746 tum
900 1718 949 1746 be-

235 1766 346 1794 nedictae
358 1765 455 1794 domus
468 1776 531 1793 cura
544 1771 690 1793 teneamur.

473 1865 561 1893 XCI<
580 1865 710 1892 Paeanio.

275 1956 378 1985 Gravia
385 1962 445 1983 sunt
456 1965 485 1983 ea
494 1966 552 1993 qum
563 1955 730 1992 contigerunt
744 1965 749 1981 :
764 1960 791 1982 at
800 1964 851 1982 non
861 1953 896 1982 ob
907 1963 950 1982 cos

234 2003 281 2040 qui
291 2001 360 2040 passi
367 2008 436 2037 sunt,
443 2000 598 2037 fortiterque
608 2000 635 2028 iu
644 1999 700 2028 acie
708 2006 846 2035 steterunt,
856 2010 951 2028 verum

233 2048 268 2075 ob
280 2058 323 2075 eos
334 2047 378 2084 qui
392 2057 420 2075 ea
431 2052 628 2085 perpetramnt,
641 2045 786 2083 lugendum
799 2045 951 2080 est.Qucm-

233 2093 380 2121 admodum
400 2093 470 2121 enim
487 2103 545 2130 quac
562 2092 702 2120 difficilius
717 2099 859 2120 enecantur
877 2092 948 2126 seran,

235 2148 332 2176 magno
343 2149 405 2165 eum
421 2138 509 2166 furore
523 2138 550 2165 in
561 2138 699 2166 hastarum
711 2137 833 2176 cuspides
847 2137 950 2165 irruen-

234 2189 283 2215 tes,
298 2182 324 2210 in
340 2182 433 2209 intima
447 2182 547 2210 viscera
559 2181 662 2219 gladios
673 2182 847 2221 protrudunt:
857 2182 950 2210 codem

233 2227 315 2255 modo
324 2226 342 2254 ii
351 2237 465 2264 quoque,
474 2227 519 2264 qui
529 2227 687 2255 haecscelera
695 2227 833 2265 designare
843 2238 893 2255 non
901 2227 949 2256 du-

234 2272 329 2307 bitant,
344 2282 453 2310 gravem
468 2279 493 2299 et
507 2272 632 2300 acerbum
652 2273 778 2309 gehennae
793 2273 880 2311 ignem
897 2273 948 2301 ad—

959 2299 994 2318 625

1000 997 1030 1025 ’τὸ
1043 998 1156 1034 συνεχῶς
1181 995 1318 1032 μανθάνειν
1342 994 1375 1022 τὰ
1391 994 1451 1033 περὶ
1465 996 1511 1028 τῆς
1527 993 1629 1032 ῥώσεώς
1643 1005 1688 1022 σου
1698 1015 1705 1028 ,
1720 994 1764 1022 καὶ

1000 1044 1046 1077 τ’ἧς
1061 1041 1202 1080 ἀσφαλείας
1227 1041 1345 1075 ἁπάσης,
1360 1041 1572 1078 παρακαλοῦμεν,
1593 1039 1606 1067 ὃ
1625 1040 1670 1067 καὶ
1683 1039 1764 1079 χωρὶς

1001 1086 1192 1126 παρακλήσει-ις
1214 1086 1305 1118 εἴωθας
1320 1090 1412 1121 ποιεῖν,
1434 1084 1616 1124 συνεχέστερον
1641 1084 1764 1113 ἐπιστέλ-

1001 1134 1056 1161 λειν
1070 1132 1103 1160 τὰ
1117 1132 1177 1171 περὶ
1192 1135 1238 1167 τῆς
1257 1131 1344 1170 ὑγείας
1359 1143 1404 1160 σου
1416 1153 1424 1166 ,
1435 1131 1535 1159 καὶτοῦ
1550 1130 1619 1158 οἴκου
1635 1141 1680 1158 σου
1699 1141 1765 1158 παν-

1002 1178 1059 1214 τὸς,
1074 1178 1118 1206 καὶ
1139 1180 1190 1206 τῶν
1205 1177 1389 1216 προσηκόντων
1404 1188 1456 1205 σοι·
1474 1171 1548 1204 οἶσθα
1568 1174 1617 1214 γὰρ
1636 1174 1705 1207 ὅπως
1721 1176 1765 1202 καὶ

1004 1223 1032 1252 σὲ
1046 1224 1090 1253 καὶ
1102 1224 1144 1252 τὸν
1157 1223 1328 1261 εὐλογημένον
1341 1234 1386 1251 σου
1402 1217 1470 1250 οἷκον
1485 1221 1571 1250 πάντα
1589 1221 1763 1259 μεριμνῶμεν,

1287 1864 1334 1901 1.,εί.
1351 1864 1482 1904 Παιανίῳ.

970 1965 987 1988 Ε
1045 1954 1157 1984 Χαλεπὰ
1178 1954 1211 1982 τὰ
1230 1953 1407 1992 γεγενημένα·
1423 1955 1479 1982 ἀλλ’
1494 1954 1543 1991 οὐχ
1556 1953 1622 1992 ὑπὲρ
1646 1954 1697 1981 τῶν
1720 1962 1771 1981 πα-

1006 2002 1102 2031 θόντων
1123 2002 1167 2030 καὶ
1182 2000 1298 2029 στάντων
1314 1999 1452 2038 γενναίως,
1475 2000 1532 2028 ἀλλ’
1548 1998 1613 2037 ὑπὲρ
1628 2001 1679 2027 τῶν
1695 2009 1771 2031 ποιη-

1006 2048 1106 2076 σάντων
1122 2049 1223 2086 θρηνεῖν
1244 2046 1395 2082 ἀναγκαῖον.
1410 2045 1535 2083 Καθάπερ
1550 2044 1601 2083 γὰρ
1622 2044 1656 2072 τὰ
1675 2043 1772 2071 Bucen}—

1006 2106 1071 2122 νατα
1085 2095 1136 2121 τῶν
1151 2091 1245 2130 θηρίων
1260 2092 1350 2129 πολλῷ
1375 2092 1412 2129 τῷ
1433 2091 1507 2128 θυμῷ
1530 2094 1587 2122 ταῖς
1609 2091 1706 2126 ἀκμαῖς
1720 2090 1771 2116 τῶν

1007 2138 1121 2178 δοράτων
1135 2137 1299 2175 ἐμπίπτοντα
1309 2159 1316 2172 ,
1332 2136 1396 2175 πρὸς
1417 2135 1449 2163 τὰ
1463 2135 1594 2174 βαθύτερα
1608 2136 1660 2163 τῶν
1672 2133 1772 2171 σπλάγ-

1004 2197 1073 2224 χνων
1087 2186 1181 2212 ὠθοῦσι
1192 2183 1224 2211 τὰ
1238 2182 1296 2221 ξίφη
1307 2194 1312 2199 ·
1328 2182 1395 2210 οὕτω
1408 2181 1438 2216 δὴ
1454 2183 1498 2209 καὶ
1512 2182 1535 2208 οἱ
1548 2180 1594 2213 τὰς
1607 2178 1773 2218 παρανομίας

1004 2230 1101 2262 ταύτας
1111 2230 1271 2266 τολμῶντες,
1285 2227 1315 2255 τὸ
1328 2226 1445 2265 χαλεπὸν
1459 2228 1505 2260 τῆς
1517 2225 1620 2263 γεέννης
1634 2228 1687 2263 πῦρ
1702 2223 1773 2252 κατὰ

1005 2278 1051 2310 τῆς
1062 2277 1159 2303 ἑαυτῶν
1177 2274 1317 2310 συνάγουσι
1328 2273 1452 2310 κεφαλῆς.
1470 2273 1502 2300 Εἰ
1519 2271 1545 2298 δὲ
1561 2269 1770 2308 ἐγκαλλωπίζον-

234 2328 326 2346 versus
338 2317 424 2356 capita
439 2328 486 2345 sua
504 2317 641 2355 colligunt.
651 2318 733 2353 Quod
745 2318 767 2346 si
779 2319 857 2347 ctiam
873 2319 907 2347 ob
919 2330 948 2347 ea
968 2326 987 2348 Α
1005 2333 1048 2349 ται
1061 2316 1096 2352 οἷς
1115 2321 1238 2353 ποιοῦσι,
1252 2318 1295 2346 καὶ
1319 2317 1362 2345 διὰ
1385 2319 1460 2345 τοῦτο
1478 2315 1594 2354 μάλιστά
1611 2316 1675 2343 εἰσιν
1691 2316 1770 2342 ἐλεει-

234 2374 292 2401 quoe
310 2363 410 2391 faciunt
427 2362 587 2401 gloriantur,
601 2362 652 2390 hoc
668 2363 725 2401 ipso
743 2364 849 2392 nomine
863 2365 946 2403 potis-

234 2409 331 2437 simum
346 2408 436 2436 miseri
447 2414 518 2444 sunt,
535 2408 713 2446 pluribusque
723 2408 850 2447 lacrymis
862 2409 948 2447 digni,

233 2454 303 2491 quud
321 2453 371 2481 hac.
381 2464 485 2491 quoquc
495 2453 595 2481 ratione
606 2453 743 2491 graviores
755 2454 805 2481 sibi
817 2454 882 2493 ipsis
893 2466 947 2493 pce-

233 2510 278 2527 nas
304 2506 446 2527 accersant.
464 2499 645 2534 Quamobrem
666 2499 715 2528 hos
737 2506 863 2538 perpetuo
884 2500 946 2528 ssetu

1003 2366 1042 2395 νοὶ
1053 2388 1060 2400 ,
1074 2365 1118 2394 καὶ
1131 2363 1256 2392 πλειόνων
1268 2362 1335 2395 ἄξιοι
1349 2361 1476 2400 δακρύων,
1490 2361 1531 2390 ὅτι
1543 2360 1588 2388 καὶ
1598 2359 1679 2397 ταύτῃ
1694 2359 1772 2397 χαλε-

1003 2411 1122 2448 πωτέρας
1145 2411 1246 2440 ἑαυτοῖς
1257 2407 1304 2439 τὰς
1323 2406 1429 2438 εὐθύνας
1442 2405 1675 2437 κατασκευάζουσι.
1694 2403 1767 2431 Τού-

1002 2468 1060 2488 τους
1074 2451 1116 2484 οὖν
1130 2456 1167 2483 δεῖ
1182 2457 1282 2493 θρηνεῖν
1307 2453 1430 2487 διηνεκῶς
1441 2475 1447 2487 ,
1472 2456 1526 2483 τοῖς
1543 2450 1570 2479 δὲ
1588 2451 1688 2488 πικρῶς
1703 2448 1770 2476 οὕτω

1004 2500 1191 2540 σφαττομένοις
1213 2500 1255 2527 ὑπ’
1276 2498 1358 2526 αὐτῶν
1382 2497 1535 2531 συνήδεσθαι
1557 2497 1608 2524 τῶν
1632 2493 1769 2533 βραδείων,
