1843 2810
87 2189 172 2211 ᾹῙηΙΙῘΙ.
191 2189 225 2212 15.

239 144 307 176 520

239 215 338 244 Gravis
355 214 443 243 luctus
461 226 467 242 ι
486 220 586 243 naturae
606 213 732 243 stimulus
752 219 857 241 uterum
875 211 953 240 disci-

237 261 289 299 dit,
302 263 328 289 in
336 260 484 290 visceribus
491 267 644 299 tempestas.
657 259 732 296 Quid
745 259 842 287 faciam
852 257 949 296 ?perii.

239 307 295 335 Cur
305 316 356 335 non
368 306 446 343 dicis,
458 305 586 334 Miserere
597 305 659 333 fitiae
673 314 749 341 meae,
762 303 818 340 sed,
834 304 953 331 Misere-

238 363 269 380 re
288 354 368 380 mei?
387 351 438 380 Illa
453 351 540 380 morbi
561 361 667 379 sensum
687 360 739 378 non
758 348 849 385 habet,
870 348 953 376 nescit

237 397 303 436 quid
313 397 441 437 patiatur,
457 396 578 425 dolorem
594 407 646 424 non
658 395 736 424 sentit
752 406 758 421 :
772 393 884 429 doloris,
897 394 952 422 imo

238 450 263 472 et
283 454 373 472 sensus
398 443 519 472 vacuitas
537 449 574 470 est
596 441 645 480 ipsi
664 440 756 469 velum
779 439 948 468 calamitatis.

238 493 378 520 Miserere
387 494 443 520 mei
453 491 613 519 diurnorum
626 488 759 517 malorum
769 488 934 528 spectatricis
940 500 948 525 ;

237 536 311 565 domi
326 537 486 566 calamitatis
500 536 632 564 theatrum
643 533 729 562 adest.
743 534 804 568 Quo
819 543 926 573 pergam
937 534 950 561 Ξ)

238 583 268 611 In
282 582 417 611 desertum
430 583 443 610 9
460 584 492 610 At
508 591 558 609 non
573 579 658 608 audeo
673 579 747 607 illam
764 579 848 607 solam
866 579 951 607 relin-

238 639 332 666 quere.
342 629 457 657 Domine
464 626 592 655 sedeam?
608 625 662 654 Sed
675 625 835 653 intrinsecus
849 631 888 652 est
899 624 950 652 ini-

238 674 333 709 micus,
349 681 488 713 tempestas
500 673 526 701 in
542 679 631 711 portu,
646 670 828 710 spectaculum
843 670 950 698 calami-

237 721 309 749 tatis.
325 722 387 756 Quo
402 720 508 748 nomine
521 718 623 747 vocabo
640 717 737 745 illam?
753 717 926 745 Mortuamne
937 716 950 743 ἶ)

237 766 288 796 Sed
302 773 433 795 movetur.
449 766 593 794 Vix-entem
607 763 621 792 ἶ)
633 765 668 792 At
682 762 766 791 nescit
777 761 845 800 quid
859 762 947 790 faciat.

237 812 360 840 Invenire
376 822 470 839 nomen
485 820 585 848 nequeo
599 820 651 847 quo
667 808 791 837 morbum
806 807 948 846 appellem.

237 859 375 885 Miserere
394 858 458 885 mei.
475 855 504 884 Si
526 862 629 883 mortua
650 860 716 882 esset
734 852 790 880 fitia
811 863 878 887 mea,
899 862 949 879 non

237 903 299 931 talia
315 910 419 942 paterer
432 914 439 937 3
458 912 553 940 corpus
568 901 595 929 iu
611 899 758 928 visceribus
775 905 850 926 terrae
866 897 951 936 depe«

236 949 357 983 suissem,
374 955 399 976 et
413 948 502 987 elapso
517 953 634 985 tempore
650 946 676 973 in
690 944 855 973 oblivionem
867 943 950 971 malo-

236 1005 297 1023 rum
309 994 451 1028 venissem,
468 999 491 1021 et
507 992 582 1020 ulcus
599 990 772 1019 obduxissem
791 1001 796 1015 :
815 998 885 1016 nunc
898 999 950 1015 au-

235 1047 287 1068 tem
303 1039 417 1068 cadaver
430 1039 514 1066 habeo
529 1036 666 1065 assiduum
678 1034 868 1074 spectaculum,
880 1033 951 1070 quod

236 1086 303 1113 mihi
321 1086 419 1114 vulnus
434 1090 568 1123 perennet,
581 1089 606 1110 et
622 1082 741 1110 dolorem
760 1087 864 1118 augeat.
879 1080 952 1114 Quo-

236 1131 315 1159 modo
327 1141 432 1158 cernam
443 1129 533 1157 oculos
547 1135 723 1161 transversos,
743 1136 836 1154 manus
847 1132 952 1154 contor-

236 1183 285 1211 tas,
301 1187 391 1215 passos
403 1175 499 1212 crines,
515 1174 638 1202 emissam
652 1183 786 1212 spumam,
799 1172 951 1201 carnificem

236 1223 309 1250 intus
326 1222 442 1261 positum
458 1228 482 1249 et
502 1231 553 1249 non
574 1226 757 1259 apparentem,
773 1218 952 1257 flagellantem

235 1268 342 1306 quinon
356 1267 490 1301 videatur,
502 1266 567 1294 dum
578 1265 715 1304 flagellum
728 1265 816 1304 ipsum
826 1264 952 1293 videtur?

236 1315 284 1342 Sto
303 1313 449 1353 spectatrix
468 1313 616 1341 alienorum
638 1311 781 1343 malorum,
800 1317 839 1338 sto
857 1316 951 1337 natura

235 1359 390 1387 stimulante
401 1371 409 1395 ;
433 1360 573 1387 Miserere
596 1359 660 1385 mei.
686 1356 786 1385 Gravis
811 1362 951 1394 tempestas

235 1404 366 1443 :egritudo
384 1411 409 1432 et
426 1404 524 1439 timor;
545 1402 676 1441 aegritudo
697 1408 807 1435 naturoe,
828 1407 853 1429 ct
873 1401 951 1429 timor

235 1450 373 1479 daemonis.
393 1449 523 1478 Accedere
537 1458 590 1476 non
607 1458 725 1487 possum,
743 1457 828 1484 neque
843 1447 949 1475 contin-

236 1506 304 1533 gere.
326 1495 445 1534 Impellit
462 1504 504 1522 me
522 1493 644 1531 affectus,
668 1492 753 1530 abigit
773 1492 872 1529 timor3
890 1493 950 1519 itli-

237 1553 331 1570 serere
343 1543 406 1569 mei.

276 1587 301 1616 5.
324 1586 417 1624 Cogita
437 1585 557 1613 mulieris
575 1583 784 1623 philosophiam.
802 1584 860 1611 Non
883 1582 949 1611 adiit

235 1643 338 1671 magos,
359 1643 411 1660 non
428 1631 537 1660 vocavit
551 1629 668 1665 divinos,
687 1639 739 1657 non
755 1629 883 1667 ligaturas
898 1628 949 1656 ad-

236 1679 318 1713 misit,
333 1689 384 1707 non
398 1677 532 1705 maleficas
544 1675 669 1704 mulieres
679 1674 801 1703 mercede
810 1673 947 1711 conduxit,

234 1735 277 1753 eas
289 1735 347 1762 qua:
358 1724 441 1752 solent
450 1722 584 1750 daenionas
595 1732 705 1750 evocare
715 1727 741 1749 et
750 1720 825 1748 ulcus
836 1730 945 1758 augere;

234 1770 279 1798 sed
294 1769 396 1798 dimisit
409 1767 508 1797 diaboli
521 1767 666 1802 officinam,
679 1773 703 1794 et
717 1766 826 1794 accessit
836 1765 872 1794 ad
886 1766 947 1794 Ser-

233 1823 352 1844 vatorem
367 1815 515 1844 animarum
530 1819 690 1841 nostrarum.
710 1813 849 1840 Miserere
864 1813 920 1839 mei
936 1831 943 1840 ι

226 1863 299 1901 filia
320 1872 385 1889 mea
403 1861 480 1888 male
497 1870 516 1888 a
537 1859 680 1886 daemonio
698 1863 835 1885 vexatur.
857 1856 946 1885 Nostis

234 1908 359 1936 affectum
377 1904 564 1940 miserationis,
583 1910 712 1941 quotquot
731 1909 818 1942 patres
835 1902 923 1930 fuistis
938 1913 945 1938 3

230 1954 324 1992 juvate
338 1963 379 1980 me
393 1951 493 1985 verbis,
512 1957 640 1988 quotquot
659 1955 756 1977 matres
774 1948 870 1976 fuistis.
886 1948 946 1976 Non

233 2009 343 2038 possum
362 1997 510 2026 describere
527 2001 709 2034 tempestatem
726 2004 804 2032 quam
821 1993 946 2021 sustinuit

234 2044 391 2072 muliercula
404 2043 458 2071 illa.
471 2043 609 2070 Miserere
624 2042 680 2068 mei
692 2040 778 2079 :filia
793 2050 857 2067 mei!
868 2039 946 2066 male

233 2100 253 2117 a
282 2090 424 2117 doemonio
451 2094 586 2117 vexatur.
615 2085 717 2115 Vidisti
745 2085 944 2124 philosophiam

233 2135 364 2171 mulieris,
380 2134 470 2163 vidisti
483 2132 716 2172 perseverantiam,
729 2131 820 2161 vidisti
832 2131 946 2159 virilita-

235 2187 299 2214 tem,
316 2180 471 2219 patientiam
485 2180 498 2207 ἶ)
517 2180 573 2207 Ille
588 2189 659 2207 vero
681 2188 739 2206 non
756 2177 902 2215 respondit
921 2178 947 2205 ei

236 2229 369 2256 verbum.
385 2227 451 2254 Rem
460 2236 557 2253 novam
569 2224 576 2254 ἶ
590 2225 684 2262 Rogat,
697 2223 825 2257 obsecrat,
839 2222 948 2250 calami-

235 2280 316 2301 tatem
324 2272 533 2310 deplorat,augct
540 2278 578 2298 tra
583 2268 878 2308 goediam‚afssicti‹›ne1n
887 2278 947 2296 nar-

236 2325 276 2347 rat
287 2330 294 2355 ;
306 2325 331 2346 et
344 2318 389 2345 illc
398 2317 539 2345 hominum
550 2322 651 2344 amator
660 2325 713 2342 non
722 2313 870 2353 respondet,
879 2314 946 2342 Ver-

235 2365 300 2393 bum
310 2370 385 2398 tacet,
395 2363 452 2391 fons
461 2362 566 2390 clausus
573 2367 621 2395 est,
628 2360 747 2388 medicus
756 2360 898 2398 pharmaca
909 2369 947 2387 re-

234 2411 308 2439 tinet.
320 2409 393 2445 Quid
409 2419 509 2437 novum
524 2408 537 2435 9
551 2407 617 2445 quid
631 2405 811 2434 admirabile?
827 2405 866 2432 Ad
881 2405 946 2432 alios

235 2456 330 2491 curris,
340 2462 363 2484 et
374 2455 443 2483 hanc
453 2454 577 2482 miseram
587 2457 768 2481 accurrentem
779 2450 886 2487 abigis?
895 2450 949 2478 Sed

235 2501 372 2531 considera
383 2500 479 2529 medici
494 2497 703 2538 philosophiam.
714 2497 771 2524 Ille
782 2503 879 2524 autem
891 2506 949 2524 non

235 2548 380 2586 respondit
394 2548 420 2576 ei
432 2547 563 2575 verbum.
581 2546 672 2579 Quare
684 2543 698 2570 Ξ)
713 2542 784 2577 Quia
800 2541 880 2571 verba
897 2551 947 2570 non

567 153 582 175 S
589 167 595 175 .
619 152 758 175 JOANNIS
786 150 966 174 CHRYSOST.

997 150 1152 173 AttCfflEP.
1182 152 1447 175 CONSTANTmOP.

1011 223 1048 241 σω
1054 224 1063 249 3
1077 213 1237 251 ἀπόλλυμαι,
1257 214 1310 243 Καὶ
1325 214 1366 243 διὰ
1385 215 1411 243 τί
1425 215 1462 252 μὴ
1477 215 1576 253 λέγεις,
1600 216 1706 252 ἐλέησον
1728 218 1776 253 τὴν

1008 258 1138 298 θυγατέρα
1152 271 1214 296 μου,
1233 260 1301 288 ἀλλὰ
1311 282 1319 296 ,
1334 260 1461 296 Ἐλέησόν
1484 272 1531 299 με;
1546 262 1652 297 Ἐκείνη
1664 263 1775 292 ἐνάναι-

1008 303 1103 343 σθησία
1112 305 1166 342 ἔχει
1178 305 1208 334 τὸ
1219 305 1313 341 πάθος,
1325 307 1372 334 οὐκ
1386 302 1439 335 οἶδε
1455 307 1481 335 τί
1495 307 1608 346 πάσχει,
1625 309 1671 336 οὐκ
1686 309 1777 338 atae&-

1007 360 1079 378 νεται
1088 352 1135 384 τῆς
1145 350 1237 386 ὀδύνης
1245 373 1252 386 ,
1267 352 1465 390 παραπέτασμα
1476 355 1523 387 τῆς
1533 344 1667 393 συμφορᾶς
1682 354 1778 393 ἔχουσα

980 406 987 414 *
1007 393 1050 422 τὸν
1074 394 1214 431 ἀνώδυνον,
1241 397 1339 434 μᾶλλον
1362 397 1389 426 δὲ
1413 398 1443 426 τὸ
1465 398 1632 433 ἀναίσθητον.
1657 399 1723 437 Ἐμὲ
1750 399 1777 428 δὲ

1006 439 1113 475 ἐλέησον
1128 440 1174 476 τὴν
1186 442 1281 481 θεωρὸν
1293 444 1345 470 τῶν
1359 445 1541 482 καθημερινῶν
1557 447 1657 472 κακῶν·
1670 445 1777 484 θέατρον

1007 485 1060 524 ἔχω
1071 492 1206 525 συμφορᾶς
1217 489 1243 515 ἐν
1254 489 1286 525 τῇ
1296 487 1373 526 οἰκίᾳ.
1392 490 1448 517 Ποῦ
1463 489 1584 525 ἀπέλθω;
1597 491 1642 523 Εἷς
1652 490 1699 525 τὴν
1715 490 1777 529 ἔρη-

1008 542 1069 568 μον;
1080 531 1148 560 Ἀλλ’
1158 534 1186 561 οὐ
1194 535 1283 571 τολμῶ
1293 533 1373 567 αὐτὴν
1384 536 1538 563 καταλιπεῖν
1549 535 1639 573 μόνην.
1652 535 1731 564 Ἀλλὰ
1742 538 1777 568 εἰς

1007 577 1053 612 τὴν
1061 579 1153 614 οἱκίαν;
1159 579 1227 607 Ἀλλ’
1235 579 1348 617 εὑρίσκω
1355 579 1398 608 τὸν
1408 580 1533 618 πολέμιον
1540 581 1620 616 ἔνδον,
1631 581 1664 610 τὰ
1672 581 1777 619 κύματα

1007 625 1032 651 ἐν
1045 626 1082 663 τῷ
1097 624 1200 662 λιμένι,
1223 625 1329 663 θέατρον
1347 631 1490 664 συμφορᾶς.
1509 626 1544 655 Τι’
1558 627 1639 661 αὐτὴν
1658 627 1776 660 καλέσω;

1006 670 1124 708 Nempe&
1137 670 1216 699 Ἀλλὰ
1228 675 1347 699 κινεῖται.
1368 671 1447 699 Ἀλλὰ
1465 673 1564 704 {acam
1580 672 1648 700 Ἀλλ’
1663 674 1710 701 οὐκ
1724 668 1776 701 οἶδε

1006 715 1031 742 τί
1047 720 1126 744 ποιεῖ.
1149 718 1206 744 Οὐκ
1225 712 1282 745 οἶδα
1304 719 1386 755 εὑρεῖν
1408 717 1491 754 ὄνομα
1507 719 1649 756 ἑρμηνεῧον
1670 717 1700 745 τὸ
1723 718 1777 746 πά-

1007 763 1058 793 θος.
1074 761 1200 796 Ἐλέησόν
1219 775 1261 800 με,
1276 764 1309 791 Εἰ
1324 762 1455 797 ἐτεθνήκει
1474 763 1504 791 τὸ
1523 763 1669 802 θυγάτριον,
1684 764 1731 792 οὐκ
1747 762 1777 791 ἂν

1006 811 1113 835 τοιαῦτα
1125 807 1240 846 ἔπασχον
1254 820 1259 826 ·
1276 808 1417 846 παρέδωκα
1435 808 1464 836 ἂν
1482 814 1534 841 τοῖς
1547 809 1654 841 κόλποις
1670 811 1716 843 τῆς
1729 811 1778 847 γ’ἧς

1007 851 1036 879 τὸ
1050 855 1143 890 σῶμα,
1155 854 1199 882 καὶ
1214 856 1250 891 τῷ
1263 853 1349 893 χρόνῳ
1361 853 1408 887 τὴν
1421 854 1504 888 λήθην
1519 854 1548 881 ἂν
1563 854 1712 892 εἰσήγαγον,
1731 854 1777 883 καὶ

1008 897 1148 936 διεφόρησα
1161 899 1190 926 ἂν
1206 900 1235 927 τὸ
1244 899 1327 930 ἕλκος·
1339 901 1382 926 νῦν
1395 899 1420 926 δὲ
1433 899 1522 938 νεκρὸν
1533 899 1586 938 ἔχω
1596 900 1702 934 ἒιηνεκῆ
1715 902 1778 928 θεω-

1009 943 1064 981 ρίαν
1077 955 1121 981 μοι
1133 944 1313 982 ἐργαζόμενον,
1324 944 1464 983 ὑφαίνοντά
1475 956 1518 982 μοι
1529 945 1558 973 τὸ
1570 948 1687 984 τραῦμα,
1699 946 1777 973 πλεο-

1007 988 1116 1020 νάζοντά
1135 1001 1178 1026 μοι
1192 989 1325 1022 τὸπάθος,
1341 991 1404 1022 Πῶς
1422 990 1470 1017 ἴδω
1488 990 1636 1029 ὀφθαλμοὺς
1652 992 1775 1028 διαστρε-

1007 1034 1148 1072 φομένους;
1162 1040 1252 1075 χεῖρας
1270 1035 1531 1074 στραγγαλουμένας;
1549 1036 1700 1073 πλοκάμους
1715 1035 1777 1063 λυο-

1009 1080 1112 1117 μένους;
1125 1081 1205 1120 ἀφρὸν
1216 1080 1385 1119 προϊέμενον,
1401 1081 1443 1109 τὸν
1462 1081 1555 1118 δήμιον
1567 1081 1638 1109 ἔνδον
1654 1081 1716 1109 ὄντα
1732 1080 1776 1108 καὶ

1010 1126 1046 1164 μὴ
1064 1127 1231 1165 φαινόμενονς
1246 1127 1289 1155 τὸν
1305 1126 1464 1164 μαστίζοντα
1480 1126 1516 1163 μὴ
1533 1126 1673 1166 ὁρώμενον,
1689 1126 1734 1157 τὰς
1748 1125 1775 1154 δὲ

1010 1172 1139 1211 μάστιγας
1150 1173 1318 1211 φαινομένας,
1331 1172 1455 1206 Ἵίστηκα
1465 1171 1558 1210 θεωρὸς
1568 1174 1618 1200 τῶν
1631 1171 1775 1210 ἀλλοτρίων

1008 1220 1106 1254 κακῶν,
1122 1219 1220 1253 ἕστηκα
1242 1220 1288 1252 τ’ἧς
1303 1217 1404 1257 φύσεώς
1419 1230 1452 1255 με
1467 1217 1648 1255 κεντριζούσης
1658 1229 1664 1234 ·
1677 1216 1775 1251 Ἐλέη-

1008 1263 1052 1292 σόν
1067 1276 1108 1302 με.
1122 1264 1243 1292 Χαλεπὸν
1255 1265 1285 1292 τὸ
1297 1263 1446 1298 κλυδώνιον,
1461 1264 1542 1295 πάθος
1556 1263 1601 1291 καὶ
1615 1263 1691 1302 φόὸος
1703 1275 1709 1280 ·
1724 1262 1776 1291 πά-

1007 1312 1049 1341 θος
1061 1310 1159 1348 φύσεως
1169 1333 1175 1344 ,
1187 1311 1230 1338 καὶ
1243 1309 1321 1348 ςρόίὶος
1333 1309 1462 1346 δαίμονος.
1479 1310 1502 1337 ll
1509 1309 1637 1347 ροσελθεῖν
1648 1310 1676 1337 οὗ
1696 1307 1774 1336 δύνα-

1008 1368 1074 1393 μαι,
1095 1356 1151 1384 οὐδὲ
1175 1360 1326 1394 κατασχεῖν.
1348 1355 1424 1382 Ὠθεῖ
1443 1366 1476 1391 με
1492 1354 1521 1382 τὸ
1537 1354 1634 1390 πάθος,
1650 1354 1694 1382 καὶ
1720 1354 1774 1382 δια-

1007 1400 1127 1440 κρούεταί
1144 1413 1175 1438 με
1192 1403 1205 1429 ὁ
1223 1401 1309 1439 φόίος.
1326 1400 1452 1434 Ἐλέησόν
1469 1412 1510 1437 με.

1045 1577 1185 1612 Ἐννόησον
1204 1576 1324 1615 γυναικὸς
1342 1575 1506 1614 φιλοσοφίαν.
1520 1575 1579 1603 Οὐκ
1591 1576 1694 1608 ἀπῆλθε
1708 1574 1773 1614 πρὸς

1005 1623 1115 1662 μάγους,
1127 1624 1174 1651 οὐκ
1186 1622 1294 1651 ἐκάλεσε
1311 1622 1429 1659 μάντεις,
1442 1623 1470 1649 οὐ
1484 1621 1617 1659 περίαπτα
1636 1620 1772 1656 ἐποίησεν,

1003 1670 1031 1697 οὐ
1051 1667 1259 1708 μαγγανευτρίας
1278 1671 1402 1706 γυναῖκας
1418 1665 1584 1703 ἐμισθώσατο
1593 1688 1600 1701 ,
1611 1665 1713 1698 ταύτας,
1725 1665 1771 1698 τὰς

1003 1714 1176 1752 γοητευούσας
1198 1713 1322 1751 δαίμονας
1343 1713 1387 1741 καὶ
1411 1712 1537 1745 αὖξούσας
1550 1711 1579 1740 τὸ
1594 1711 1668 1744 ἕλκος
1681 1723 1687 1728 ·
1712 1712 1770 1740 ἀλλ’

1003 1762 1087 1799 ἀφῆκε
1106 1763 1151 1788 τοῦ
1171 1759 1292 1787 &necnon
1308 1759 1338 1787 τὸ
1350 1757 1531 1797 ἐργαστήριον,
1547 1757 1590 1785 καὶ
1605 1757 1712 1795 ἔρχεται
1726 1757 1770 1785 ἐπὶ

1001 1806 1044 1834 τὸν
1058 1806 1172 1843 Σωτῆρα
1184 1807 1235 1833 τῶν
1247 1806 1337 1843 ψυχῶν
1352 1805 1402 1831 τῶν
1417 1803 1561 1841 ἡμετέρων.
1577 1802 1704 1837 Ἐλέησόν
1719 1813 1752 1840 με
1763 1814 1769 1819 ·

1002 1853 1018 1885 ἡ
1032 1852 1146 1889 θυγάτηρ
1169 1862 1217 1888 μου
1240 1852 1328 1882 κακῶς
1343 1848 1527 1886 δαιμονίζεται.
1541 1847 1612 1876 Ἰστε
1630 1847 1659 1875 τὸ
1673 1847 1768 1882 πάθος,

1000 1897 1056 1925 ὅσοι
1069 1896 1179 1935 πατέρες
1193 1895 1310 1934 ἐγένεσθε
1321 1907 1326 1912 ·
1341 1893 1488 1933 βοηθήσατέ
1500 1904 1549 1931 μου
1561 1895 1599 1932 τῷ
1610 1892 1680 1932 λόγῳ
1689 1914 1696 1927 ,
1708 1892 1768 1920 ὅσαι

1003 1943 1114 1981 μητέρες
1135 1941 1262 1981 ἐγένεσθε.
1287 1942 1326 1969 Οὐ
1342 1940 1455 1977 δύναμαι
1470 1941 1630 1977 ἑρμηνεῦσαι
1649 1938 1693 1966 τὸν
1710 1949 1766 1977 χει-

1002 1990 1092 2026 μῶνα,
1107 1988 1134 2016 ὃν
1150 1987 1272 2025 ὑπέμεινε
1286 1986 1316 2015 τὸ
1325 1985 1438 2023 γύναιον.
1451 1983 1576 2019 Ἐλέησόν
1593 1995 1625 2021 με
1635 1995 1641 2000 ·
1656 1985 1672 2017 ἡ
1686 1983 1767 2021 θυγά-

1000 2045 1050 2073 τηρ
1069 2046 1118 2071 μου
1135 2036 1222 2066 κακῶς
1243 2032 1430 2071 δαιμονίζεται.
1454 2026 1529 2063 Εἶδες
1550 2030 1598 2065 τὴν
1614 2029 1767 2069 φιλοσοφίαν

1001 2083 1047 2115 τῆς
1063 2080 1201 2119 γυναικός;
1223 2075 1288 2111 εἶδες
1307 2078 1354 2113 τὴν
1377 2077 1534 2116 καρτερίαν;
1559 2076 1606 2111 τὴν
1630 2075 1767 2115 ἀνδρείανς

1001 2127 1047 2162 τὴν
1067 2126 1215 2164 ὑπομονήν;
1239 2124 1273 2153 ‘O
1294 2125 1321 2152 δὲ
1344 2124 1391 2151 οὐκ
1415 2122 1573 2161 ἀπεκρίνατο
1598 2121 1662 2159 αὐτῇ
1682 2120 1766 2159 λόγον.

1001 2172 1087 2202 Καινὰ
1111 2171 1265 2211 πράγματα.
1290 2170 1458 2209 Παρακαλεῖ,
1483 2167 1588 2202 δέεται,
1611 2166 1697 2194 κλαίει
1718 2165 1766 2200 τὴν

1003 2218 1148 2258 συμφορὰν,
1164 2217 1235 2250 αὔξει
1249 2215 1296 2251 τὴν
1314 2214 1471 2254 τραγῳδίαν,
1485 2214 1613 2251 διηγεῖται
1628 2212 1657 2241 τὸ
1667 2211 1748 2243 πάθος
1759 2224 1765 2229 ·

999 2265 1044 2293 καὶ
1055 2267 1068 2293 ὁ
1082 2263 1263 2303 φιλάνθρωπος
1275 2263 1321 2290 οὐκ.
1336 2258 1520 2298 ἀποκρίνεται·
1536 2261 1550 2287 ὁ
1564 2258 1648 2296 Λόγος
1663 2263 1765 2296 σιωπᾷ,

999 2313 1015 2345 ἡ
1030 2309 1102 2348 πηγὴ
1118 2309 1248 2343 κλείεται,
1262 2309 1274 2335 ὁ
1287 2306 1373 2344 ἰατρὸς
1383 2304 1416 2333 τὰ
1430 2304 1557 2343 φάρμακα
1569 2303 1712 2332 συστέλλει.
1730 2303 1766 2332 Τί

999 2357 1029 2385 τὸ
1042 2355 1129 2384 καινόν
1139 2367 1146 2390 ;
1158 2354 1184 2382 τί
1198 2354 1227 2383 τὸ
1240 2351 1385 2390 παράδοξον
1397 2363 1404 2386 3
1419 2350 1518 2382 Ἀλλοις
1538 2349 1699 2388 ἐπιτρέχεις,
1719 2349 1764 2378 καὶ

999 2402 1095 2437 ταύτην
1121 2399 1308 2438 ἐπιτρέχουσαν
1327 2396 1458 2431 ἐλαύνεις;
1479 2395 1550 2424 Ἀλλ’
1575 2396 1694 2430 ἐννόησον
1720 2398 1765 2423 τοῦ

1000 2451 1089 2487 ἰατροῦ
1106 2447 1152 2482 τὴν
1172 2444 1332 2485 φιλοσοφίαν.
1356 2442 1389 2471 Ὁ
1409 2442 1435 2470 δὲ
1452 2443 1498 2470 οὐκ
1520 2440 1678 2480 ἀπεκρίνατο
1698 2442 1762 2478 αὐτῇ

999 2495 1084 2532 λόγον.
1107 2493 1184 2524 Τίνος
1204 2491 1296 2525 ἑ’νεκα;
1314 2489 1379 2517 εΌτι
1400 2490 1427 2517 οὐ
1449 2487 1483 2515 τὰ
1507 2487 1613 2526 ῥήματα
1634 2486 1764 2521 ἐξήταζεν,

1002 2539 1069 2569 ἀλλὰ
1084 2538 1116 2566 τὰ
1129 2537 1264 2575 ἀπόρρητα
1279 2537 1325 2569 τῆς
1343 2533 1455 2566 διανοίας
1466 2533 1669 2570 κατεμάνθανεν.
1686 2531 1720 2560 Ὁ
1738 2531 1764 2560 δὲ
