1823 2789
171 138 236 161 122
493 135 518 158 S.
541 135 679 159 JOANNIS

171 198 242 238 quid
263 207 309 226 me
322 199 520 237 persequeris?
534 197 636 237 piscem
657 197 729 226 hunc
751 197 884 236 ingentem

171 245 289 284 piscatus
308 251 354 273 est.
371 244 406 273 Et
428 244 500 282 quod
522 244 548 272 in
571 244 643 283 pisce
668 243 792 281 contigit,
807 253 886 281 quem

169 290 248 329 jussu
261 289 371 318 Domini
383 289 500 328 piscatus
514 296 551 317 est
562 290 667 325 Petrus,
683 289 735 317 hoc
749 295 773 316 et
789 289 817 316 iu
837 288 888 316 isto

173 335 272 363 evenit.
296 334 435 372 Siquidem
450 335 495 363 hie
514 345 620 372 quoquc
634 334 714 373 piscis
732 335 759 362 in
774 343 818 361 ore
835 340 887 361 sta-

172 387 254 408 terem
276 380 376 408 habens
399 383 524 409 inventus
544 387 601 415 est;
620 387 743 407 staterem
767 378 887 416 quidem,

172 425 220 454 scd
230 426 413 455 adulterinum
423 438 429 454 ε
441 427 541 465 quippe
553 426 599 464 qui
610 426 695 453 zelum
710 425 831 461 haberet,
842 424 888 453 scd

172 481 225 500 non
241 471 388 500 secundum
405 472 552 500 seientiam.
570 473 710 510 Propterea
728 481 789 499 cum
804 471 888 499 scien-

172 517 237 545 tiam
246 517 287 546 illi
301 517 415 555 largitus
427 524 492 546 esset
503 519 583 553 Deus,
593 517 708 555 probum
722 516 801 544 ittum
809 527 887 544 num-

171 573 246 591 mum
265 562 402 591 reddidit:
418 569 442 590 et
464 562 538 601 quod
560 561 662 600 piscatu
685 561 771 600 captis
789 561 887 590 accidit

170 608 300 647 piscibus,
315 608 366 637 hoc
377 615 402 636 et
419 607 446 635 in
461 607 511 636 isto
523 606 629 635 accidit.
645 607 714 635 Nam
730 613 758 634 ut
773 606 814 634 illi
826 617 887 634 cum

172 653 291 692 primum
306 653 419 682 extracti
436 663 450 681 e
466 652 532 680 mari
548 652 656 686 fuerint,
672 652 809 680 confestim
825 653 887 680 caeci
906 659 923 681 C

171 699 241 727 fiunt
257 711 263 726 z
278 699 316 728 sic
338 706 363 727 ct
378 699 427 727 iste
443 698 583 727 confestim
604 698 715 726 hamum
729 698 843 737 excepit,
863 705 887 726 ct

171 751 307 772 extractus
329 744 467 773 confestim
482 750 520 771 est
540 750 688 771 excaecatus
703 755 708 770 :
723 753 818 773 verum
841 754 887 771 ex-

171 789 279 817 caecatio
292 790 349 817 hzec
357 789 489 824 esl'ecit,ut
497 795 567 817 totus
579 788 789 827 orbisfierrarum
800 789 887 817 visum

171 835 310 873 reciperet.
326 835 390 863 Hoec
402 834 484 872 igitur
497 834 587 862 omnia
602 834 680 873 cupio
695 844 808 863 eernere.
820 835 889 862 Nam

171 880 194 908 si
213 881 279 908 forte
290 880 392 908 bellum
404 889 451 908 nos
460 879 633 908 barbaricum
644 879 856 915 cireumsidcret,
865 886 891 907 et

170 925 198 953 in
213 925 299 954 aciem
313 925 436 964 dispositi
457 925 546 952 hostes
561 925 698 952 innumera
714 924 790 952 nobis
805 934 889 963 nego—

170 971 208 999 tia
231 970 398 1006 facesserent,
426 969 522 998 deinde
544 969 723 998 barbarorum
757 971 890 998 exercitus

170 1015 279 1053 ductor,
290 1016 335 1054 qui
350 1015 481 1044 machinis
494 1026 540 1043 nos
552 1022 718 1054 oppugnaret
733 1015 889 1050 innumeris,

170 1072 264 1099 resque
276 1068 379 1090 nostras
392 1071 482 1101 omncs
494 1061 674 1097 conturbaret,
687 1067 712 1088 et
727 1062 845 1089 tumultu
860 1072 890 1089 ac

170 1107 372 1144 perturbatione
388 1102 541 1145 compleret,
557 1106 652 1133 urbem
671 1106 755 1144 ipsam
770 1106 890 1135 funditus

171 1161 329 1180 eversurum
343 1163 370 1180 se
385 1152 547 1188 minaretur,
563 1157 587 1179 ct
606 1151 668 1190 igue
687 1162 887 1189 succensurum,

170 1196 218 1233 qui
234 1197 386 1225 servitutem
402 1197 550 1233 intentaret,
566 1196 704 1224 confestim
719 1197 752 1225 ab
768 1198 890 1236 Impera-

170 1248 226 1269 tore
245 1249 335 1270 nostro
347 1242 453 1271 vinctus
469 1249 493 1270 et
508 1241 630 1281 captivus
645 1242 671 1270 iu
698 1242 793 1271 urbem
809 1243 892 1271 intro-
910 1250 927 1271 t)

170 1286 322 1321 duceretur,
338 1298 424 1316 nonne
436 1298 526 1316 omncs
542 1298 601 1316 cum
617 1288 777 1316 mulieribus
786 1295 810 1316 et
823 1299 888 1327 pue-

168 1333 236 1361 rulis
250 1332 284 1361 ad
299 1334 480 1372 spectaculum
497 1333 565 1361 illud
581 1333 887 1368 cxsili1·c1m1s?Qua11do

170 1378 254 1415 igit-u·
268 1385 294 1406 et
308 1389 379 1406 nunc
392 1378 494 1406 bellum
509 1385 548 1406 cst
562 1378 703 1415 indictum,
720 1378 785 1406 dum
797 1380 886 1407 omnia

170 1423 339 1452 confundunt
350 1424 511 1461 turbantque
525 1423 626 1460 Judzei,
639 1431 663 1452 et
678 1423 771 1452 multis
785 1425 886 1453 machi-

170 1469 212 1497 nis
224 1468 350 1498 Ecclesiae
360 1469 477 1507 quietem
489 1480 519 1498 ac
531 1469 697 1498 securitatem
712 1478 883 1509 oppugnant;

171 1521 251 1553 caput
261 1522 348 1543 autem
361 1522 385 1543 et
398 1515 522 1554 princeps
533 1515 651 1543 hostium
663 1527 724 1544 cum
737 1524 803 1545 esset
817 1519 885 1546 Pau-

171 1560 222 1597 lus,
234 1561 280 1598 qui
291 1561 391 1600 majora
400 1572 479 1598 quam
490 1562 577 1589 caetcri
592 1561 715 1598 faciebat,
727 1573 758 1590 ac
767 1562 884 1597 dicebat,

170 1606 217 1643 qui
229 1613 321 1634 cuncta
333 1606 460 1634 miscebat
471 1613 495 1634 et
507 1607 691 1643 conturbabat,
701 1608 757 1646 jam
769 1608 886 1636 aDomi-

172 1661 206 1679 no
225 1657 316 1679 nostro
337 1652 399 1680 Jesu
419 1651 525 1680 Christo
539 1652 702 1691 Imperatore
721 1660 809 1681 nostro
825 1653 883 1682 vin-

173 1702 230 1724 ctus
243 1703 293 1733 est,
306 1703 331 1725 et
344 1696 468 1736 captivus
482 1697 613 1726 abductus
624 1698 668 1736 qui
685 1706 778 1726 cuncta
791 1710 887 1738 susque

172 1740 449 1779 dequeve1·tebat‚non
457 1742 489 1771 ad
503 1743 682 1782 spectaculum
690 1743 762 1772 istud
772 1746 886 1783 egredic-
898 1777 900 1779 ¹

173 1797 234 1814 mur
249 1797 348 1822 omncs,
358 1794 387 1815 ut
401 1787 537 1826 captivum
550 1788 637 1827 ipsum
651 1788 713 1817 duci
728 1789 885 1819 videamus?
906 1803 923 1825 E

171 1832 239 1860 Nam
251 1839 275 1860 et
290 1832 377 1871 angeli
391 1843 451 1860 cum
462 1844 476 1861 e
490 1833 562 1862 calis
574 1836 661 1873 ipsum
675 1834 737 1863 duci
750 1836 886 1875 captivum

172 1885 317 1912 cernerent,
333 1879 503 1907 exsultabant
516 1891 521 1906 :
535 1890 587 1907 non
606 1880 677 1917 quod
692 1881 812 1910 vinetum
831 1893 886 1911 cer-

172 1929 263 1951 nerent
275 1930 387 1959 tantum,
396 1924 441 1952 scd
454 1924 528 1962 quia,
540 1936 619 1962 quam
631 1926 728 1954 multos
737 1927 857 1956 homines
871 1940 886 1957 a

172 1968 287 1997 vinculis
299 1969 475 2008 expediturus
488 1978 563 2006 esset,
578 1971 743 2009 cogitabant:
754 1984 804 2001 non
814 1974 887 2012 quod

171 2024 251 2041 manu
262 2013 325 2042 duci
335 2022 493 2053 spectareut,
503 2016 548 2044 sed
560 2017 630 2055 quod
644 2026 730 2046 mente
742 2027 885 2057 versarent,

172 2069 253 2096 quam
269 2060 366 2088 multos
381 2061 501 2090 homines
517 2062 544 2090 iu
561 2063 654 2091 caelum
669 2075 682 2092 e
699 2065 775 2093 terris
790 2065 885 2104 injecta

172 2114 254 2132 manu
270 2112 333 2133 esset
344 2105 552 2135 introducturus.
567 2110 708 2147 Propterea
723 2111 883 2148 gaudebant,

172 2159 224 2177 non
238 2150 311 2187 quod
321 2157 481 2179 cxcoecatum
494 2151 624 2187 viderent,
641 2155 688 2182 sed
699 2156 772 2193 quod
786 2156 884 2185 intelli-

172 2202 272 2233 gerent,
289 2202 399 2233 quantos
414 2203 479 2224 esset
491 2207 505 2224 e
515 2198 629 2225 tenebris
642 2199 802 2229 educturus:
818 2204 885 2231 Pro-

172 2239 290 2268 ficiscere
299 2241 526 2279 namque‚inquit‚
541 2242 574 2269 ad
590 2251 688 2280 gentes,
706 2252 730 2273 et
742 2258 755 2274 a
771 2248 925 2288 tenebrism„

171 2284 318 2313 liber'atos
311 2296 338 2313 m
347 2296 458 2324 regnum
470 2296 513 2314 eos
526 2286 675 2316 dilectionis
687 2290 785 2319 Christi
799 2300 822 2320 t1
824 2304 883 2321 ans-
901 2298 918 2319 <x

171 2331 247 2360 feres.
270 2332 412 2369 Pr·optciea
446 2331 525 2360 misso
552 2333 673 2372 exoidio,
700 2335 734 2363 ad
765 2337 881 2367 medium

171 2386 285 2415 propero
305 2376 456 2404 transilire:
477 2387 538 2405 nam
561 2379 660 2406 Paulus
680 2387 704 2408 ct
725 2380 750 2408 in
768 2382 882 2411 Paulum

170 2432 245 2451 amor
257 2422 328 2450 hunc
341 2421 405 2450 dare
414 2422 512 2451 saltum
532 2433 578 2451 nos
592 2425 686 2463 coegit.
706 2426 805 2455 Paulus
818 2435 843 2456 et
853 2428 879 2457 iu

170 2467 284 2495 Paulum
297 2477 381 2495 amor.
398 2468 527 2506 Ignoscite
537 2469 602 2497 mihi
618 2481 623 2496 ε
636 2470 677 2498 vel
689 2471 789 2510 potius,
801 2473 882 2502 nolite

168 2513 312 2551 ignoscere,
321 2512 367 2542 sed
375 2520 399 2542 et
411 2524 527 2543 amorem
540 2514 620 2544 istum
628 2517 800 2546 aemulamini.
811 2518 879 2547 Nam

706 135 882 158 cttnYSOST.
907 136 924 157 A
931 134 1062 158 nerttEP:
1091 134 1195 158 CONST
1198 135 1358 159 A.NT1NOP

940 197 965 224 Τί
982 208 1015 234 με
1040 195 1157 231 &eumq
1178 209 1258 229 Ουτως
1279 197 1384 232 illistam-e
1399 208 1443 225 ‘mv
1459 196 1532 236 ἷχουν
1548 208 1638 226 τουτον
1662 209 1706 226 τον

932 250 974 279 ’με
965 242 1036 280 ζ.γαν
1061 242 1114 270 Καὶ
1128 245 1179 270 οἱον
1203 243 1246 271 ἐπι
1266 254 1311 271 του
1327 242 1414 281 ἷχθυος
1433 242 1545 281 γέγονεν,
1562 242 1589 270 ὃν
1603 242 1707 277 ἡλιευσε

942 287 1042 326 Πέτρος
1062 286 1130 315 κατὰ
1144 288 1174 316 τὸ
1193 287 1351 327 πρόσταγμα
1367 288 1396 316 τὸ
1410 288 1572 323 δεσποτικὸν,
1592 287 1706 316 τοιουτόν

941 346 967 361 τι
979 345 1023 361 και
1044 333 1086 361 ἐπὶ
1105 344 1195 362 τουτου
1207 333 1312 369 συνέῧη.
1326 335 1379 363 Και
1399 334 1450 373 γὰρ
1465 346 1508 362 και
1521 329 1594 366 οὗτος
1607 336 1620 361 ὁ
1635 332 1707 372 ἰχθυς

942 378 1032 417 εὑρεθη
1053 389 1172 416 στατηρα
1194 379 1262 417 ἔχων
1276 381 1301 407 ἐν
1317 392 1354 407 τι)
1370 379 1494 417 στόματι,
1515 391 1634 418 στατηρα
1650 377 1708 416 μὲν,

943 424 1093 458 κίῧδηΜν
1079 424 1122 452 οέ·
1144 427 1199 463 εἶχε
1220 424 1252 462 μὲ
1255 437 1267 452 ν
1290 425 1340 463 γὰρ
1363 426 1449 461 ζῆλον,
1473 426 1502 454 οὗ
1517 426 1575 453 κατ’
1593 423 1708 462 ἐπίγνω-

943 481 983 498 σιν
1009 470 1045 498 δέ.
1067 469 1111 498 A·.
1093 482 1118 498 ·α
1132 481 1208 498 τουτο
1224 482 1271 504 τιν
1288 470 1427 509 ἐπίγνωσιν
1442 471 1512 498 αὗτω
1530 470 1709 509 χαρισάμενος

942 517 955 544 6
972 516 1083 551 Θεὸς,
1070 516 1175 553 οόκιμον
1191 517 1297 550 ἐποίησε
1312 528 1342 544 το
1366 516 1498 554 νόνιισμα
1521 528 1565 544 και
1583 515 1648 554 ὅπερ
1665 515 1709 542 ἐπὶ

943 563 994 589 τῶν
1006 561 1130 599 ἁλιευομέ
1118 573 1180 589 ενυν
1196 561 1292 600 ῖχθυων
1304 573 1418 599 γινεται,
1435 572 1510 590 τουτο
1524 573 1568 588 και
1584 561 1628 589 ἐπὶ
1647 560 1708 589 τού-

942 618 987 635 του
1001 607 1099 645 γέγονε.
1114 606 1239 644 Καθάπερ
1252 606 1301 646 γὰρ
1316 609 1408 635 ἐκεῖνοι
1420 609 1464 635 τοῦ
1477 606 1605 644 πελάγους
1618 606 1710 638 εὐθέως

943 651 1142 684 ἀνελκυσθέντες
1158 653 1381 691 ἀποτυφλοῦνται,
1396 651 1464 680 οὕτω
1482 652 1527 680 καὶ
1549 648 1621 684 οὗτος
1636 651 1710 684 δεξά-

944 709 1018 735 μενος
1031 698 1123 730 εὐθέως
1146 698 1176 726 τὸ
1199 698 1348 736 ἄγκιστρον,
1363 699 1408 726 καὶ
1429 697 1605 729 ἀνασπασθεὶς
1618 697 1711 728 εὐθέως

943 743 1127 782 §uetustam-q·
1150 744 1206 771 ἀλλ’
1228 743 1314 777 ἐκείνη
1335 745 1351 777 ἡ
1371 742 1500 781 τύφλωσις
1523 747 1611 770 πᾶσαν
1626 743 1710 770 οἴκου-

944 788 1024 826 μένην
1045 789 1190 827 ἀναῧλέψαι
1211 789 1326 824 ἐποίησε,
1349 789 1432 818 Ταῦτ’
1452 784 1494 816 οῧν
1522 788 1625 817 ἅπαντα
1648 789 1711 816 ἰδεῖν

945 836 1072 872 ἐπιθυμῶ,
1090 835 1141 863 Καὶ
1150 834 1201 874 γὰρ
1214 836 1237 862 εἰ
1249 835 1363 872 πόλεμος
1377 838 1440 872 ἡμῖν
1455 833 1632 872 περιειστήκει
1646 836 1711 872 βαρ-

946 879 1066 918 Εαρικὸς,
1079 881 1124 908 καὶ
1145 881 1188 908 ἐπὶ
1204 882 1251 915 τῆς
1265 880 1434 919 παρατάξεως
1450 882 1473 907 οἱ
1493 879 1614 917 πολέμιοι
1630 878 1711 918 μυρία

945 931 1070 964 παρεῖχον
1093 929 1156 964 ἡμῖν
1182 925 1340 966 πράγματα,
1369 921 1425 953 εἶτα
1452 927 1465 953 ὁ
1488 925 1632 964 στρατηγὸς
1657 926 1710 953 τῶν

946 971 1096 1010 βαρίάρων,
1124 975 1137 999 ὃ
1162 971 1244 1009 μυρία
1269 971 1409 1010 προσάγων
1436 971 1637 1009 μηχανήματα,
1665 969 1711 998 καὶ

944 1016 1030 1045 πάντα
1051 1016 1168 1055 συγχέων
1184 1017 1217 1045 τὰ
1231 1018 1363 1056 ἡμέτερα,
1377 1016 1421 1045 καὶ
1433 1018 1530 1045 πολλοῦ
1545 1016 1654 1055 θορύὸου
1665 1015 1711 1044 καὶ

945 1064 1064 1100 ταραχῆς
1077 1064 1195 1101 πληρῶν,
1210 1063 1254 1090 καὶ
1269 1063 1317 1098 τὴν
1338 1062 1413 1091 πόλιν
1435 1062 1515 1096 αὐτὴν
1536 1063 1650 1090 ἀπειλῶν
1663 1073 1711 1090 κα-

944 1107 1098 1146 τασκάψειν,
1110 1107 1154 1135 καὶ
1170 1107 1338 1146 παραδώσειν
1354 1108 1430 1147 πυρὶ,
1451 1108 1495 1135 καὶ
1518 1107 1634 1135 δουλείαν
1647 1109 1710 1145 ἡμῖν

946 1153 1188 1190 ἐπανατεινόμενος,
1220 1153 1340 1192 ἐξαίφνης
1362 1152 1412 1181 ὑπὸ
1441 1155 1486 1182 τοῦ
1518 1152 1645 1191 βασιλέως
1667 1156 1712 1181 τοῦ

946 1198 1074 1237 ἡμετέρου
1101 1199 1179 1231 δεθεὶς
1202 1199 1370 1237 αἰχμάλωτος
1396 1200 1432 1231 εἰς
1452 1198 1499 1233 τὴν
1524 1199 1600 1227 πόλιν
1618 1198 1711 1236 ἤγετο,

946 1244 1040 1276 πάντες
1056 1244 1086 1272 ἂν
1099 1244 1165 1282 μετὰ
1181 1247 1310 1283 γυναικῶν
1326 1244 1370 1272 καὶ
1382 1243 1493 1272 παιδίων
1507 1244 1571 1282 πρὸς
1581 1243 1628 1278 τὴν
1646 1247 1711 1272 Oen)-

947 1289 1003 1328 ρίαν
1014 1290 1114 1325 ἐκείνην
1129 1290 1332 1328 ἐξεπηδήσαμεν.
1344 1289 1421 1318 Ἐπεὶ
1433 1285 1474 1318 οὖν
1487 1289 1530 1317 καὶ
1541 1292 1583 1317 νῦν
1598 1289 1712 1327 πόλεμος

944 1335 1110 1371 συνέστηκεν,
1126 1336 1259 1364 Ἰουδαίων
1283 1335 1460 1374 θορυὸούντων
1476 1335 1579 1363 ἅπαντα
1599 1335 1644 1363 καὶ
1661 1347 1710 1363 τα-

945 1381 1101 1419 ραττόντων,
1116 1381 1160 1409 καὶ
1181 1381 1267 1410 πολλὰ
1291 1384 1323 1420 τῇ
1339 1384 1385 1416 τῆς
1399 1380 1560 1415 ἸΞκκλησιάς
1581 1381 1711 1420 ἀσφαλείᾳ

943 1426 1128 1467 προσαγόντων
1142 1426 1338 1465 μηχανήματα,
1349 1427 1378 1454 τὸ
1399 1425 1425 1454 δὲ
1443 1426 1582 1465 κεφάλαιον
1597 1428 1648 1455 τῶν
1663 1438 1710 1455 πο-

942 1472 1039 1510 λεμίιιΝ
1064 1467 1096 1506 ἦν
1117 1475 1130 1500 ὁ
1144 1474 1263 1507 Παῦλος,
1290 1475 1302 1501 6
1322 1472 1428 1501 πάντων
1444 1472 1549 1509 μείζονα
1563 1471 1608 1499 καὶ
1629 1473 1711 1500 ποιῶν

944 1518 987 1546 καὶ
1008 1518 1090 1556 λέγων
1102 1540 1109 1553 ,
1133 1520 1146 1546 6
1170 1518 1256 1546 πάντα
1274 1517 1389 1555 θορυὸῶν
1404 1516 1448 1545 καὶ
1464 1516 1608 1554 ταράττων,
1633 1516 1710 1550 ἔδησε

944 1563 970 1591 δὲ
990 1563 1066 1592 αὐτὸν
1081 1566 1094 1592 6
1108 1563 1203 1602 Κύριος
1216 1565 1291 1601 ἡμῶν
1305 1563 1406 1597 Ἰησοῦς
1423 1562 1551 1601 Χριστὸς,
1563 1565 1576 1591 ὁ
1590 1561 1711 1600 βασιλεὺς

943 1612 956 1638 6
970 1609 1107 1647 ἡμέτερος,
1122 1609 1198 1644 ἔδησε
1222 1609 1266 1637 καὶ
1294 1609 1461 1648 αἰχμάλωτον
1477 1608 1600 1646 εἰσήγαγε
1621 1611 1710 1636 τοῦτον

943 1655 986 1684 τὸν
1004 1655 1091 1683 πάντα
1107 1655 1301 1693 ἀνα-τρέποντα,
1314 1656 1361 1683 οὐκ
1377 1654 1518 1691 ἐξέλθωμεν
1534 1653 1645 1685 ἅπαντες
1666 1652 1711 1682 ἐπὶ

944 1701 990 1736 τὴν
1015 1694 1125 1739 θεωρίαν
1142 1700 1248 1735 ταύτην,
1271 1700 1339 1728 ὥστε
1367 1701 1429 1728 ἰδεῖν
1445 1698 1520 1728 αὐτὸν
1541 1699 1708 1738 αἰχμάλωτον

944 1747 1086 1784 ἀγόμενον,
1099 1746 1151 1774 Καὶ
1175 1746 1226 1786 γὰρ
1246 1748 1269 1774 οἱ
1290 1746 1395 1784 ἄγγελοι
1409 1745 1467 1773 τότε
1483 1746 1514 1773 ἐκ
1527 1747 1578 1773 τῶν
1593 1746 1709 1784 οὐρανῶν

943 1793 1052 1830 ὁρῶντες
1069 1792 1145 1820 αὐτὸν
1164 1791 1297 1829 δεδεμένον
1313 1791 1357 1819 καὶ
1373 1791 1549 1829 εἰσαγόμενον,
1563 1789 1689 1829 ἐσκίρτων
1701 1801 1707 1807 ·

943 1839 989 1866 οὐκ
1014 1837 1104 1872 ἐπειδὴ
1119 1837 1253 1875 δεδεμένον
1277 1832 1343 1865 εἶδον
1368 1836 1454 1874 μόνον,
1469 1836 1527 1864 ἀλλ’
1543 1835 1633 1870 ἐπειδὴ
1653 1837 1706 1864 ἐνε-

943 1883 1014 1912 νόουν
1034 1883 1106 1915 ὅσους
1130 1882 1280 1922 ἀνθρώπους
1295 1882 1347 1910 ἀπὸ
1366 1884 1417 1910 τῶν
1433 1882 1534 1919 δεσμῶν
1547 1881 1616 1909 λύειν
1629 1881 1708 1919 ἔμελ-

943 1931 1002 1958 λεν·
1024 1930 1071 1957 οὐκ
1095 1929 1185 1963 ἐπειδὴ
1211 1928 1453 1968 χειραγωγούμενον
1469 1927 1623 1962 ἐθεάσαντο,
1647 1928 1705 1956 ἀλλ’

944 1974 1032 2010 ἐπειδὴ
1062 1975 1220 2013 ελογίζοντο,
1246 1973 1320 2006 ὅσους
1344 1973 1494 2012 ἀνθρώπους
1520 1972 1628 2010 ἔμελλεν
1656 1973 1707 2001 ἀπὸ

943 2024 989 2057 τῆς
1005 2024 1053 2060 γῆς
1080 2023 1114 2054 εἰς
1136 2020 1179 2049 τὸν
1202 2020 1309 2060 οὐρανὸν
1329 2022 1500 2058 χειραγωγεῖν
1526 2020 1631 2050 ἐκεῖνος.
1654 2018 1706 2047 Διὰ

942 2070 1018 2096 τοῦτο
1053 2066 1173 2106 ἔχαιρον,
1208 2077 1254 2094 ουκ
1291 2066 1381 2099 ἐπειδὴ
1416 2063 1607 2103 πεπηρωμένον
1629 2059 1706 2099 εἶδον,

942 2113 1000 2141 ἀλλ’
1028 2112 1117 2147 ἐπειδὴ
1147 2112 1260 2141 ἐνενόουν
1286 2111 1360 2143 ὅσους
1385 2110 1492 2147 ἔμελλεν
1519 2110 1571 2138 ἀπὸ
1599 2109 1706 2142 σκότους

940 2158 1083 2197 ἐξαγαγεῖν.
1112 2158 1259 2197 Πορεύθητι
1286 2157 1356 2195 γὰρ,
1384 2156 1473 2195 φησὶν,
1497 2156 1532 2187 εἷς
1559 2155 1592 2184 τὰ
1621 2154 1703 2190 ἔθνη,

938 2204 983 2233 καὶ
1009 2203 1161 2237 ἀπαλλάξας
1187 2203 1277 2236 αὐτοὺς
1305 2203 1357 2231 ἀπὸ
1382 2202 1503 2236 σκότους,
1531 2201 1704 2238 μεταστήσας

938 2249 1030 2282 αὐτοὺς
1056 2251 1091 2282 εἰς
1124 2249 1172 2284 τὴν
1199 2248 1332 2287 βασιλείαν
1364 2249 1410 2282 τῆς
1440 2246 1544 2284 ἀγάπης
1578 2247 1703 2284 Χριστοῦ.

936 2295 987 2323 Διὰ
1003 2297 1086 2323 ταῦτα
1114 2295 1144 2323 τὸ
1158 2293 1293 2333 προοίμιον
1317 2292 1406 2331 ἀφεὶς,
1431 2293 1466 2324 εἷς
1490 2291 1520 2320 τὸ
1546 2291 1624 2329 μέσον
1651 2292 1701 2320 ἅλ-

935 2342 1025 2369 λεσθαι
1046 2340 1159 2369 σπεύδω.
1186 2341 1290 2372 Παῦλος
1314 2338 1365 2377 γὰρ
1388 2337 1433 2366 καὶ
1455 2339 1468 2365 6
1493 2337 1600 2365 Παύλου
1624 2337 1703 2371 πόθος

935 2387 1082 2424 ἠνάγκασεν
1097 2389 1167 2423 ἡμᾶς
1189 2386 1308 2420 πηδῆσαι
1322 2387 1398 2412 τοῦτο
1417 2382 1446 2410 τὸ
1461 2382 1581 2419 πήδημα.
1596 2383 1702 2416 Παῦλος

935 2432 979 2459 καὶ
998 2435 1011 2460 6
1035 2431 1141 2460 Παύλου
1157 2431 1243 2463 πόθος.
1260 2430 1400 2468 Σύγγνωτέ
1423 2440 1484 2466 μοι,
1500 2429 1598 2465 μᾶλλον
1613 2427 1640 2456 δὲ
1662 2428 1699 2466 μὴ

934 2476 1080 2514 σύγγνωτε,
1106 2476 1174 2505 ἀλλὰ
1197 2475 1241 2504 καὶ
1266 2474 1400 2510 ζηλώσατε
1424 2473 1468 2502 τὸν
1491 2473 1576 2512 ἔρωτα
1598 2477 1698 2503 τοῦτον.

932 2520 965 2548 Ὀ
983 2521 1030 2557 μὲν
1043 2521 1093 2560 γὰρ
1104 2523 1198 2550 ἄτοπον
1217 2523 1280 2559 ἐρῶν
1296 2520 1380 2559 ἔρωτα
1392 2542 1399 2555 ,
1425 2519 1530 2551 εἰκότως
1543 2518 1700 2557 συγγνώμην
