1830 2829
451 177 481 198 ΙΝ
512 177 622 206 thul),
654 177 680 198 st
709 176 878 198 tiSt'ttttittt't·
908 177 1053 199 txtsttctss
1081 178 1176 208 TUA,
1208 179 1280 200 ti't‘tss.

95 238 121 271 εξ
137 239 220 267 αὐτῶν
235 239 401 270 καταίάντας
415 239 466 266 τῶν
481 240 606 277 οὐρανῶν,
620 238 772 276 γενομένους
787 251 862 267 κατε-

93 284 266 322 σταλμένους,
278 285 492 323 φιλοσοφοῦντας,
504 286 593 323 ῥυθμῷ
606 285 692 313 πάντα
704 284 748 313 καὶ
761 288 862 313 ποιοῦν-

92 342 138 362 τας
151 330 194 358 καὶ
207 331 337 369 λέγοντας·
354 330 397 358 καὶ
410 330 474 368 γυνὴ
488 330 532 358 τὸν
547 331 627 368 ἄνδρα
641 332 728 369 ὁρῶσα
741 330 792 358 ἀπὸ
803 341 863 358 συν-

93 375 173 408 άξεως
184 377 370 416 ἀναχωροῦντα
384 397 390 410 ,
406 376 451 405 καὶ
464 377 507 404 τὸν
520 377 574 404 υἱον
586 376 685 415 πατὴρ,
698 376 741 404 καὶ
754 376 797 404 τὸν
811 388 861 403 πα-

93 420 156 459 τέρα
167 424 180 450 ὁ
194 426 268 455 παῖς,
283 422 328 450 καὶ
340 422 383 450 τὸν
394 422 522 456 δεσπότην
533 424 546 450 ὁ
560 422 661 455 δοῦλος,
676 421 721 450 καὶ
735 421 778 450 τὸν
789 421 862 459 φίλον

92 469 106 495 ὁ
126 467 215 506 φίλος,
244 468 286 496 καὶ
311 468 353 496 τὸν
374 468 466 507 ἐχθρὸν
489 470 502 496 ὁ
527 468 631 507 ἐχθρὸς,
653 467 860 504 λαμὸανέτωσαν

93 513 207 546 ἅπαντες
224 513 344 547 αἴσθησιν
361 516 407 548 τῆς
423 515 532 542 ἐνταῦθα
553 513 693 551 γενομένης
714 515 777 550 ἡμῖν
791 514 859 551 ὠφε-

92 558 177 591 λείας·
203 558 332 598 λήψονται
351 559 376 588 δὲ
390 582 396 594 ,
419 559 448 587 ἂν
466 559 627 598 πραοτέρων,
643 559 672 587 ἂν
686 558 860 598 φιλοσοφωτέ-

95 616 155 644 ρων,
178 604 207 632 ἂν
224 605 418 643 εὐλαὸεστέρων
435 606 507 642 ὑμῶν
524 605 703 643 γεγενημένων
718 604 861 633 αἰσθάνων-

92 661 146 679 ται.
161 650 300 686 Ἐννόησον
316 650 370 684 οἱάς
381 651 519 683 ἀπολαύεις
534 649 718 689 μυσταγωγίας
732 652 744 678 ὁ
758 661 860 687 μεμυη-

94 695 170 732 μένος
184 695 230 730 σὺ,
247 696 313 734 μετὰ
327 696 403 725 τίνων
419 696 583 734 ἀναπέμπεις
596 695 625 724 τὸ
641 696 768 733 μυστικὸν
784 695 861 733 μέλος

92 743 175 770 ἐκεῖνο
185 764 192 775 ,
208 742 275 779 μετὰ
293 742 368 770 τίνων
383 744 445 781 βοᾷς
459 742 503 777 τὸ,
517 741 660 780 τρισάγιος.
676 741 785 774 Δίόαξον
802 740 860 773 τοὺς

93 786 196 822 ἔξωθεν,
217 787 257 817 ὅτι
282 788 349 826 μετὰ
367 789 419 816 τῶν
442 787 564 826 Σεραψὶμ
586 788 742 826 ἐχόρευσας,
765 787 804 815 ὅτι
826 788 860 818 εἷς

93 833 136 862 τὸν
151 833 233 871 δῆμον
251 834 293 862 τὸν
306 834 360 862 ἄνω
376 835 475 868 τελεῖς,
490 833 529 862 ὅτι
545 835 580 865 εἷς
594 834 637 862 τὸν
652 834 729 872 χορὸν
751 833 860 873 ἐνεγρά-

92 890 142 917 φης
160 878 203 907 τὸν
227 880 279 907 τῶν
303 879 431 918 ἀγγέλων,
448 879 488 908 ὅτι
506 881 544 918 τῷ
567 879 688 918 Aeon-6271
712 879 861 918 ὃιελὲχθης,

92 924 132 953 ὅτι
152 926 190 964 τῷ
209 926 316 964 Χριστῷ
332 925 476 964 συνεγένου.
490 925 536 954 Ἂν
552 924 633 957 οὕτως
648 925 753 958 ἑαυτοὺς
767 926 861 964 ῥυθμί-

93 972 188 1008 ζωμεν,
211 971 283 999 οὐδὲν
303 971 446 1004 ἐξελθόντες
469 971 615 1009 δεησόμεθα
632 971 707 1008 λόγου
723 971 786 1010 πρὸς
804 970 861 1003 τοὺς

93 1016 309 1055 ἀπολειφθέντας·
344 1016 402 1045 ἀλλ’
426 1016 477 1045 ἀπὸ
503 1018 551 1050 τῆς
574 1015 704 1055 ἡμετέρας
727 1016 863 1055 ὡφελείας,

92 1063 140 1096 τῆς
153 1062 250 1095 οἰκείας
265 1062 434 1097 αἰσθήσονται
451 1062 546 1100 ζημίας
558 1085 565 1098 ,
580 1061 624 1090 καὶ
641 1062 800 1102 δραμοῦνται
813 1075 862 1091 τα-

93 1107 177 1146 χέως,
202 1107 270 1136 ὥστε
287 1110 338 1136 τῶν
357 1110 442 1136 αὐτῶν
465 1108 623 1136 ἀπολαῦσαι.
644 1107 684 1136 Τὸ
698 1107 749 1147 γὰρ
767 1108 862 1141 κάλλος

94 1155 166 1190 ὑμῶν
192 1155 238 1188 τ’ἧς
263 1155 349 1193 ψυχῆς
371 1153 413 1182 διὰ
435 1155 487 1182 τῶν
515 1153 661 1187 αἰσθήσεων
687 1155 771 1182 αὐτῶν
797 1155 863 1183 ἀπο-

94 1199 198 1237 λάμπον
218 1201 344 1239 ὁρῶντες,
367 1199 414 1228 κᾶν
430 1198 551 1227 ἁπάντων
566 1194 615 1228 ὦσι
631 1199 784 1239 νωθρότεροι
797 1222 804 1235 ,
829 1201 862 1232 εἷς

93 1244 178 1284 ἔρωτα
201 1247 248 1279 τῆς
274 1245 430 1284 εὐπρεπείας
454 1247 628 1283 ἐμπεσοῦνται
652 1247 699 1280 ’.ἧς
726 1245 861 1284 ὑμετέρας.

94 1291 128 1319 Εἰ
151 1291 202 1328 γὰρ
228 1289 349 1328 σώματος
373 1291 469 1323 κάλλος
491 1292 632 1329 ἀναπτεροῖ
652 1290 712 1323 τοὺς
735 1293 862 1329 ὁρῶντας,

95 1335 186 1374 πολλῷ
211 1336 310 1373 μᾶλλον
334 1336 462 1375 εὐμορφία
480 1338 566 1375 ψυχῆς
581 1337 704 1375 διεγεῖραι
718 1336 816 1364 δύναιτ’
832 1336 863 1365 ἂν

90 1381 134 1410 τὸν
158 1381 262 1417 θεατὴν,
284 1381 329 1410 καὶ
348 1381 413 1421 πρὸς
432 1382 475 1410 τὺν
498 1382 553 1410 ἴσον
575 1381 759 1421 παρακαλέσαι
774 1383 861 1416 ζῆλον.

91 1427 309 1465 Καλλωπίσωμεν
328 1427 413 1456 τοίνυν
431 1429 507 1465 ἡμῶν
527 1427 570 1456 τὸν
589 1427 640 1456 ἔσω
656 1427 802 1466 ἄνθρωπον,
817 1427 861 1456 καὶ

90 1475 142 1502 τῶν
157 1474 266 1502 ἐνταῦθα
279 1473 426 1513 λεγομένων
441 1473 489 1507 ἔξω
505 1473 711 1512 μνημονεύωμεν
722 1485 728 1491 ·
745 1475 798 1502 ἐκεῖ
809 1473 860 1512 γὰρ

92 1519 176 1547 αὐτῶν
200 1519 315 1556 μάλιστα
337 1521 384 1554 τῆς
403 1519 508 1557 μνήμης
527 1522 540 1547 ὁ
563 1519 668 1558 καιρός·
683 1518 728 1548 καὶ
741 1519 860 1559 καθάπερ

92 1563 222 1600 ἀθλητὴς,
254 1565 320 1603 ἅπερ
344 1565 374 1593 ἂν
399 1565 442 1594 ἐπὶ
463 1567 510 1600 τῆς
532 1565 696 1606 παλαίστρας
722 1565 859 1604 μανθάνῃ,

91 1613 174 1639 ταῦτα
193 1611 236 1639 ἐπὶ
259 1613 310 1639 τῶν
334 1610 441 1649 ἀγώνων
462 1611 655 1640 ἐπιδείκνυται·
675 1611 742 1640 οὕτω
761 1611 793 1647 δὴ
814 1611 859 1640 καὶ

90 1658 179 1693 ἡμᾶς,
201 1656 267 1696 ἅπερ
287 1656 316 1685 ἂν
337 1659 447 1686 ἐνταῦθα
469 1657 622 1696 ἀκούωμεν,
646 1660 728 1687 ταῦτα
743 1657 787 1686 ἐπὶ
806 1660 858 1687 τῶν

91 1701 182 1734 ἔξωθεν
197 1701 358 1741 πραγμάτων
374 1702 566 1733 ἐπιδείκνυσθαι
577 1704 638 1743 χρή.

129 2351 316 2389 Μνημόνευσον
339 2351 424 2380 τοίνυν
447 2353 498 2380 τῶν
518 2354 629 2381 ἐνταῦθα
642 2353 800 2391 λεγομένων,
814 2354 857 2390 ἵν’,

88 2395 132 2425 ὅτε
152 2397 274 2435 ἐξέλθῃς,
300 2397 344 2426 καὶ
364 2397 524 2432 ἐπιλάὸηταί
545 2409 591 2426 σου
610 2401 623 2426 ὁ
637 2399 772 2434 διάὸολος,
795 2399 858 2434 ἧδι’

89 2444 187 2481 ὀργῆς,
210 2442 227 2477 ἢ
251 2443 294 2472 διὰ
313 2443 471 2479 κενοδοξίας,
491 2443 508 2478 ἢ
528 2444 560 2471 δι’
575 2444 654 2472 ἄλλου
669 2445 737 2478 τινὸς
752 2445 858 2482 πάθους,

92 2488 266 2525 ἀναμνησθεὶς
289 2491 336 2524 τ’ἥς
362 2490 475 2517 ἐνταῦθα
489 2489 675 2524 διδασκαλίας,
691 2490 802 2529 δυνηθῇς
815 2494 859 2530 ῥᾳ-

91 2532 151 2565 δίως
174 2534 353 2563 ἀποδύσασθαι
379 2534 413 2563 τὰ
440 2535 551 2573 ἅμματα
576 2538 621 2563 τοῦ
647 2539 770 2574 πονηροῦ.
801 2538 860 2576 Οὐχ

91 2580 166 2617 δρᾶτε
192 2580 219 2607 ἐν
240 2584 294 2611 τοῖς
315 2580 454 2618 σκάμμασι
474 2579 531 2613 τοὺς
544 2581 734 2619 παιδοτρίὲας,
754 2582 778 2611 οἳ
793 2583 860 2619 μετὰ

1571 182 1630 217 ¹97

916 239 987 266 0111111
1003 238 1102 274 studio,
1121 238 1193 276 qnod
1210 250 1224 266 a
1241 239 1317 268 volsis
1339 240 1461 278 prr-rilms
1482 251 1550 280 sti-pe
1565 253 1625 270 ron-

918 284 1000 319 tendi,
1016 294 1100 322 neque
1122 284 1280 312 contendere
1294 284 1424 321 desinnin,
1448 286 1541 313 svau-os·
1556 288 1632 315 1101115

881 331 897 352 Π
915 329 1052 363 adducite,
1072 330 1246 358 cohortamini
1266 338 1392 366 er1·.'1utes,
1415 332 1555 360 eonsilium
1572 334 1632 361 (1.1ῐο

917 386 967 403 non
983 375 1065 403 verim
1081 382 1194 412 tantum,
1220 376 1266 404 5111
1285 377 1364 404 ctiam
1380 388 1467 416 opere,
1491 378 1579 416 Major
1594 386 1632 406 est

915 420 964 449 ista
980 421 1101 449 doctrina
1124 432 1182 459 ‹111oe
1202 422 1332 458 moribus,
1355 433 1415 460 quar
1435 424 1632 453 conversation(-

916 467 1057 505 prosertur.
1083 467 1139 495 Etsi
1160 468 1227 496 nihil
1248 468 1332 503 dicas,
1360 469 1381 496 si
1402 476 1505 498 tautum
1523 482 1601 499 exeas
1618 482 1632 499 0

915 512 1033 548 collecta,
1043 518 1067 540 et
1077 519 1185 541 externa
1197 514 1291 552 speeie,
1301 521 1418 553 aspectu,
1433 526 1504 551 voce,
1516 516 1630 549 incessu,

915 565 940 586 et
967 565 1020 586 tota
1045 559 1146 596 reliqua
1165 559 1283 588 modesta
1304 560 1422 599 corporis
1442 562 1632 600 compositione

916 604 1038 640 lucrum,
1064 604 1138 642 quod
1161 605 1223 633 111110
1248 616 1370 642 egressus
1389 613 1475 635 tecum
1496 607 1608 636 retulisti
1624 631 1630 639 ,

915 651 1037 679 ostendas
1054 650 1218 687 hominibus,
1241 651 1287 689 qui
1303 652 1418 681 collecta:
1434 663 1484 681 nou
1506 653 1633 681 interfue-

915 703 989 732 runt,
1005 696 1039 725 ad
1053 697 1263 726 cohortationem
1278 704 1303 726 et
1319 698 1460 726 consilium
1479 698 1505 726 id
1520 700 1631 728 suffieit.

915 742 959 770 Sic
971 741 1042 770 enim
1053 742 1145 779 egredi
1158 753 1204 771 nos
1218 743 1280 772 hine
1293 751 1405 783 oportet,
1418 745 1494 783 quasi
1507 756 1540 774 ex
1552 747 1633 775 sacris

915 787 1016 827 adytis,
1046 788 1123 826 quasi
1147 788 1181 817 de
1207 789 1270 818 ezelo
1296 789 1428 829 delapsos,
1462 790 1633 820 modestiores

916 833 1042 869 redditos,
1055 834 1283 873 philosophantes,
1298 835 1432 864 moderate
1445 847 1475 864 ac
1490 843 1634 876 temperate

916 886 1009 907 cuncta
1021 879 1146 909 facientes
1159 891 1189 909 ac
1206 881 1324 909 dicentes
1337 893 1342 908 :
1357 888 1382 910 et
1397 892 1465 910 uxor
1479 883 1604 911 maritum
1618 894 1632 911 a

916 925 1024 954 collecta
1047 925 1212 954 recedentem
1232 926 1337 964 videns,
1362 933 1387 955 et
1404 927 1489 955 tilium
1505 935 1590 966 pater,
1609 935 1634 957 et

916 978 1019 1011 patrem
1039 972 1123 1009 filius,
1145 979 1170 1000 et
1187 972 1328 1001 dominum
1349 983 1452 1009 servus,
1473 980 1498 1001 ct
1517 974 1634 1002 amicum

915 1018 1029 1053 amicus,
1049 1025 1075 1047 et
1090 1018 1230 1047 inimicum
1245 1018 1380 1055 inimicus,
1404 1029 1495 1047 01111105
1510 1019 1634 1048 utilitatis

916 1074 1024 1092 sensum
1037 1064 1152 1103 capiant,
1166 1075 1247 1103 quam
1257 1075 1290 1094 ex
1303 1064 1354 1093 hoc
1366 1072 1500 1093 conventu
1515 1073 1634 1105 reporta-

918 1109 1006 1138 vimus
1016 1121 1021 1136 :
1031 1110 1238 1149 capientautem‚
1249 1110 1270 1138 si
1280 1110 1407 1147 mitiores,
1418 1111 1439 1139 si
1450 1111 1631 1149 patientiores,

916 1155 938 1183 si
953 1155 1130 1193 religiosiores
1144 1166 1191 1184 vos
1207 1156 1288 1184 factos
1301 1155 1522 1185 animadvertant.
1541 1157 1634 1196 Cogita

917 1201 1016 1239 quibus
1039 1201 1174 1240 mysteriis
1196 1201 1319 1230 interesse
1341 1201 1390 1230 tibi
1410 1202 1503 1230 datum
1519 1203 1564 1239 sit,
1587 1203 1633 1241 qui

917 1247 1038 1275 initiatus
1049 1258 1084 1283 es,
1099 1258 1158 1275 eum
1171 1247 1269 1285 quibus
1281 1247 1426 1287 mysticum
1438 1248 1516 1276 illum
1525 1255 1633 1277 cantum

916 1293 1021 1329 offeras,
1037 1304 1097 1321 011111
1113 1293 1211 1331 quibus
1226 1299 1265 1321 ter
1277 1300 1397 1321 sanetum
1412 1293 1545 1332 hymnum
1566 1305 1632 1333 pro—

916 1339 1031 1367 nunties.
1045 1340 1117 1368 Doce
1125 1339 1258 1378 prosanOS,
1270 1345 1294 1367 te
1302 1349 1362 1367 011111
1373 1339 1515 1378 Seraphim
1524 1339 1633 1369 choreas

915 1384 1038 1423 agitasse,
1062 1390 1087 1412 10
1105 1384 1141 1413 ad
1155 1384 1284 1413 caelestem
1298 1384 1431 1424 populum
1445 1385 1585 1423 pertinere,
1609 1393 1634 1414 tc

915 1430 942 1458 in
957 1430 1070 1459 eliorum
1090 1430 1247 1469 angelorum
1261 1430 1426 1469 adscriptum
1441 1441 1507 1466 esse,
1532 1437 1558 1460 10
1571 1441 1632 1460 011111

915 1477 1031 1505 1)01111110
1053 1476 1238 1514 colloquutum
1252 1486 1318 1512 csse,
1343 1483 1368 1504 te
1382 1486 1443 1505 cum
1458 1476 1564 1505 Christo
1577 1487 1633 1506 esse

914 1533 1095 1562 congressum.
1127 1522 1155 1551 Si
1176 1533 1223 1551 nos
1242 1522 1279 1551 ita
1299 1522 1538 1562 composuerimus,
1561 1523 1632 1552 nihil

913 1569 1031 1598 oratione
1051 1579 1119 1608 opus
1139 1569 1188 1597 erit
1203 1579 1265 1607 erga
1281 1568 1353 1603 illos,
1370 1568 1417 1606 qui
1434 1579 1487 1597 non
1503 1569 1632 1598 interfue-

912 1622 984 1652 runt,
1000 1614 1050 1645 sed
1075 1625 1108 1643 ex
1132 1615 1256 1654 prosectu
1282 1620 1372 1643 nostro
1393 1614 1527 1653 jacturam
1555 1625 1632 1643 suam

911 1660 1132 1697 animadvertent,
1144 1667 1169 1689 et
1180 1660 1317 1689 confestim
1331 1667 1482 1696 accurrent,
1495 1667 1524 1688 ut
1536 1660 1630 1689 iisdem

911 1706 1058 1735 commodis
1067 1707 1247 1745 perfruantur.
1259 1707 1329 1735 Cum
1345 1706 1416 1734 enim
1428 1706 1523 1734 anima.»
1536 1713 1630 1735 vestrm

911 1752 1144 1792 pulchritudinem
1158 1763 1191 1781 ex
1205 1751 1272 1791 ipsis
1286 1751 1406 1780 sensibus
1421 1751 1540 1780 viderint
1554 1752 1629 1781 relu-

911 1805 1022 1835 centem,
1035 1798 1097 1827 licet
1108 1798 1228 1826 omnium
1239 1797 1292 1826 sint
1303 1797 1493 1836 stupidissimi,
1506 1797 1540 1826 ad
1550 1798 1630 1837 cupi-

910 1845 1021 1874 ditatem
1046 1845 1140 1873 eximii
1159 1844 1243 1873 vestri
1266 1843 1369 1873 decoris
1391 1843 1572 1873 exardescent.
1598 1845 1629 1873 Si

911 1892 982 1920 enim
1000 1892 1086 1920 forma
1104 1891 1222 1930 corporis
1249 1890 1350 1919 excitat
1375 1890 1518 1929 intuentes.
1543 1890 1628 1918 multo

910 1938 995 1976 magis
1024 1938 1119 1965 anima:
1145 1935 1322 1976 pulchritudo
1339 1942 1514 1974 spectatorem
1542 1942 1628 1974 potest

910 1992 1086 2018 commovere,
1112 1988 1192 2019 atque
1213 1980 1247 2009 ad
1268 1980 1384 2008 similem
1402 1979 1489 2008 zelum
1512 1979 1625 2010 hortari.

911 2029 1066 2057 Interiorem
1078 2027 1163 2066 igitur
1175 2026 1310 2054 hominem
1325 2033 1444 2054 nostrum
1458 2036 1627 2063 exornemus,

911 2082 1036 2103 eteorum
1049 2084 1108 2111 quae
1119 2072 1163 2100 hic
1174 2072 1246 2101 dicta
1256 2072 1355 2101 suerint
1365 2072 1431 2100 soris
1442 2071 1622 2101 recordemur:

911 2120 966 2148 illic
987 2119 1058 2147 enim
1081 2125 1111 2146 ut
1130 2118 1248 2146 maxime
1263 2128 1392 2146 memores
1413 2118 1498 2146 simus
1521 2124 1626 2158 tempus

909 2165 1008 2205 exigit3
1029 2171 1054 2193 et
1070 2164 1295 2203 quemadmodum
1315 2164 1428 2201 athleta,
1449 2175 1508 2203 quae
1528 2165 1556 2193 in
1579 2176 1627 2204 pa-

911 2212 998 2240 lmstra
1005 2210 1140 2246 didicerit,
1151 2221 1243 2239 eorum
1253 2210 1280 2238 in
1290 2210 1482 2239 certaminibus
1492 2211 1626 2249 specimen

910 2258 966 2286 edit
976 2257 1028 2286 :sic
1040 2267 1086 2285 1105
1103 2257 1182 2285 etiam
1191 2267 1250 2295 quae
1261 2256 1305 2285 hic
1316 2256 1451 2295 audimus,
1470 2256 1497 2286 in
1509 2257 1626 2286 externis

911 2303 1022 2342 negotiis
1035 2309 1137 2341 oportet
1150 2303 1299 2332 ostendere.

952 2351 978 2378 5.
1001 2350 1105 2378 Memor
1118 2348 1202 2387 igitur
1220 2359 1311 2376 eorum
1325 2355 1380 2377 esto
1394 2359 1453 2387 quae
1472 2349 1517 2377 1110
1530 2348 1625 2378 dicun-

912 2403 967 2434 tur,
990 2401 1020 2423 ut
1034 2405 1094 2422 cum
1109 2403 1229 2432 egressus
1242 2395 1334 2430 fueris,
1357 2402 1383 2423 et
1397 2402 1421 2423 10
1442 2395 1566 2424 diabolus
1582 2395 1626 2424 vel

912 2452 960 2481 per
969 2441 1047 2477 iram,
1061 2440 1103 2469 vel
1116 2450 1163 2479 per
1174 2440 1280 2468 inanem
1292 2440 1416 2478 gloriam,
1432 2441 1474 2469 vel
1485 2452 1532 2480 per
1544 2441 1626 2469 aliam

912 2487 1031 2526 aliquam
1058 2485 1207 2525 passionem
1239 2485 1382 2521 invaserit,
1412 2487 1469 2526 ejus
1499 2487 1625 2514 doctrinae

914 2544 1024 2567 memor,
1038 2542 1092 2572 qua
1107 2531 1151 2559 hic
1170 2531 1290 2560 imbutus
1304 2542 1340 2567 es,
1356 2532 1433 2560 facile
1460 2532 1544 2571 possis
1562 2532 1626 2560 mali

913 2581 1021 2617 laqueos
1030 2585 1054 2607 01
1064 2588 1148 2606 nexus
1158 2576 1276 2606 evadere.
1290 2578 1383 2606 Nonne
1390 2577 1486 2606 vidctis
1498 2577 1523 2606 in
1534 2577 1628 2606 stadiis
