<?xml version="1.0" encoding="UTF-8"?>
<!DOCTYPE html PUBLIC "-//W3C//DTD XHTML 1.0 Transitional//EN"
    "http://www.w3.org/TR/xhtml1/DTD/xhtml1-transitional.dtd">
<html xmlns="http://www.w3.org/1999/xhtml" xml:lang="en" lang="en">
 <head>
  <title>
</title>
<meta http-equiv="Content-Type" content="text/html;charset=utf-8" />
  <meta name='ocr-system' content='tesseract 3.04.00' />
  <meta name='ocr-capabilities' content='ocr_page ocr_carea ocr_par ocr_line ocrx_word'/>
</head>
<body>
  <div class='ocr_page' id='page_1' title='image "./operaomniaquaeex03johnuoft/operaomniaquaeex03johnuoft_0308.png"; bbox 0 0 1843 2810; ppageno 0'>
   <div class='ocr_carea' id='block_1_1' title="bbox 224 180 290 214">
    <p class='ocr_par' dir='ltr' id='par_1_1' title="bbox 224 180 290 214">
     <span class='ocr_line' id='line_1_1' title="bbox 224 180 290 214; baseline 0 0"><span class='ocrx_word' id='word_1_1' title='bbox 224 180 290 214; x_wconf 74' lang='lat'>286</span> 
     </span>
    </p>
   </div>
   <div class='ocr_carea' id='block_1_2' title="bbox 219 250 942 2144">
    <p class='ocr_par' dir='ltr' id='par_1_2' title="bbox 219 250 942 2144">
     <span class='ocr_line' id='line_1_2' title="bbox 222 250 933 292; baseline -0.007 -10"><span class='ocrx_word' id='word_1_2' title='bbox 222 253 380 292; x_wconf 82' lang='lat' dir='ltr'>magistrum</span> <span class='ocrx_word' id='word_1_3' title='bbox 393 252 547 289; x_wconf 79' lang='lat' dir='ltr'>instituerit,</span> <span class='ocrx_word' id='word_1_4' title='bbox 559 251 697 280; x_wconf 84' lang='lat' dir='ltr'>ostendens</span> <span class='ocrx_word' id='word_1_5' title='bbox 709 250 832 279; x_wconf 86' lang='lat' dir='ltr'>eumdem</span> <span class='ocrx_word' id='word_1_6' title='bbox 844 250 933 288; x_wconf 84' lang='lat' dir='ltr'>ipsum</span> 
     </span>
     <span class='ocr_line' id='line_1_3' title="bbox 222 295 933 336; baseline -0.008 -9"><span class='ocrx_word' id='word_1_7' title='bbox 222 309 277 327; x_wconf 82' lang='lat' dir='ltr'>esse</span> <span class='ocrx_word' id='word_1_8' title='bbox 292 299 338 336; x_wconf 88' lang='lat' dir='ltr'>qui</span> <span class='ocrx_word' id='word_1_9' title='bbox 349 304 374 326; x_wconf 85' lang='lat' dir='ltr'>et</span> <span class='ocrx_word' id='word_1_10' title='bbox 385 298 430 326; x_wconf 80' lang='lat' dir='ltr'>illa</span> <span class='ocrx_word' id='word_1_11' title='bbox 446 298 553 333; x_wconf 79' lang='lat' dir='ltr'>fecerat,</span> <span class='ocrx_word' id='word_1_12' title='bbox 567 304 591 325; x_wconf 86' lang='lat' dir='ltr'>et</span> <span class='ocrx_word' id='word_1_13' title='bbox 611 297 667 325; x_wconf 87' lang='lat' dir='ltr'>haec</span> <span class='ocrx_word' id='word_1_14' title='bbox 681 307 728 336; x_wconf 86' lang='lat' dir='ltr'>per</span> <span class='ocrx_word' id='word_1_15' title='bbox 740 297 829 334; x_wconf 84' lang='lat' dir='ltr'>ipsum</span> <span class='ocrx_word' id='word_1_16' title='bbox 842 295 933 332; x_wconf 85' lang='lat' dir='ltr'>loque-</span> 
     </span>
     <span class='ocr_line' id='line_1_4' title="bbox 221 340 934 379; baseline -0.007 -7"><span class='ocrx_word' id='word_1_17' title='bbox 221 343 320 372; x_wconf 73' lang='lat' dir='ltr'>batur?</span> <span class='ocrx_word' id='word_1_18' title='bbox 335 345 403 372; x_wconf 86' lang='lat' dir='ltr'>Nam</span> <span class='ocrx_word' id='word_1_19' title='bbox 421 343 442 371; x_wconf 93' lang='lat' dir='ltr'>si</span> <span class='ocrx_word' id='word_1_20' title='bbox 462 343 563 371; x_wconf 86' lang='lat' dir='ltr'>alienus</span> <span class='ocrx_word' id='word_1_21' title='bbox 578 343 686 376; x_wconf 84' lang='lat' dir='ltr'>suisset,</span> <span class='ocrx_word' id='word_1_22' title='bbox 705 351 871 379; x_wconf 74' lang='lat' dir='ltr'><strong>nequaquam</strong></span> <span class='ocrx_word' id='word_1_23' title='bbox 888 340 934 368; x_wconf 85' lang='lat' dir='ltr'>illa</span> 
     </span>
     <span class='ocr_line' id='line_1_5' title="bbox 221 388 934 427; baseline -0.006 -11"><span class='ocrx_word' id='word_1_24' title='bbox 221 389 320 418; x_wconf 88' lang='lat' dir='ltr'>horum</span> <span class='ocrx_word' id='word_1_25' title='bbox 334 389 458 427; x_wconf 81' lang='lat' dir='ltr'>figuram,</span> <span class='ocrx_word' id='word_1_26' title='bbox 471 399 518 417; x_wconf 87' lang='lat' dir='ltr'>nec</span> <span class='ocrx_word' id='word_1_27' title='bbox 528 388 561 416; x_wconf 87' lang='lat' dir='ltr'>ad</span> <span class='ocrx_word' id='word_1_28' title='bbox 571 388 764 426; x_wconf 83' lang='lat' dir='ltr'>correptionem</span> <span class='ocrx_word' id='word_1_29' title='bbox 776 392 892 414; x_wconf 82' lang='lat' dir='ltr'>nostram</span> <span class='ocrx_word' id='word_1_30' title='bbox 905 395 934 413; x_wconf 85' lang='lat' dir='ltr'>ea</span> 
     </span>
     <span class='ocr_line' id='line_1_6' title="bbox 221 430 934 474; baseline -0.007 -11"><span class='ocrx_word' id='word_1_31' title='bbox 221 435 320 474; x_wconf 80' lang='lat' dir='ltr'>scripta</span> <span class='ocrx_word' id='word_1_32' title='bbox 340 435 421 462; x_wconf 82' lang='lat' dir='ltr'>fuisse</span> <span class='ocrx_word' id='word_1_33' title='bbox 444 434 566 469; x_wconf 77' lang='lat' dir='ltr'>dixisset,</span> <span class='ocrx_word' id='word_1_34' title='bbox 583 444 666 471; x_wconf 88' lang='lat' dir='ltr'>neque</span> <span class='ocrx_word' id='word_1_35' title='bbox 680 432 838 471; x_wconf 80' lang='lat' dir='ltr'>magistrum</span> <span class='ocrx_word' id='word_1_36' title='bbox 856 430 934 459; x_wconf 83' lang='lat' dir='ltr'>nobis</span> 
     </span>
     <span class='ocr_line' id='line_1_7' title="bbox 221 479 935 518; baseline -0.008 -9"><span class='ocrx_word' id='word_1_37' title='bbox 221 480 475 518; x_wconf 85' lang='lat' dir='ltr'>instituisset,quem</span> <span class='ocrx_word' id='word_1_38' title='bbox 485 490 536 508; x_wconf 87' lang='lat' dir='ltr'>non</span> <span class='ocrx_word' id='word_1_39' title='bbox 546 485 663 518; x_wconf 73' lang='lat' dir='ltr'>putasset</span> <span class='ocrx_word' id='word_1_40' title='bbox 674 488 728 506; x_wconf 88' lang='lat' dir='ltr'>esse</span> <span class='ocrx_word' id='word_1_41' title='bbox 743 479 830 505; x_wconf 87' lang='lat' dir='ltr'>Deum</span> <span class='ocrx_word' id='word_1_42' title='bbox 838 489 843 504; x_wconf 74' lang='grc' dir='ltr'><strong>ε</strong></span> <span class='ocrx_word' id='word_1_43' title='bbox 851 487 935 514; x_wconf 89' lang='lat' dir='ltr'>neque</span> 
     </span>
     <span class='ocr_line' id='line_1_8' title="bbox 223 522 934 563; baseline -0.007 -9"><span class='ocrx_word' id='word_1_44' title='bbox 223 526 256 554; x_wconf 80' lang='lat' dir='ltr'>ab</span> <span class='ocrx_word' id='word_1_45' title='bbox 275 525 318 562; x_wconf 89' lang='lat' dir='ltr'>iis,</span> <span class='ocrx_word' id='word_1_46' title='bbox 328 536 387 563; x_wconf 75' lang='lat' dir='ltr'>quae</span> <span class='ocrx_word' id='word_1_47' title='bbox 410 532 474 553; x_wconf 89' lang='lat' dir='ltr'>tunc</span> <span class='ocrx_word' id='word_1_48' title='bbox 496 525 564 553; x_wconf 81' lang='lat' dir='ltr'>saeta</span> <span class='ocrx_word' id='word_1_49' title='bbox 583 525 703 561; x_wconf 89' lang='lat' dir='ltr'>fuerant,</span> <span class='ocrx_word' id='word_1_50' title='bbox 721 533 767 550; x_wconf 91' lang='lat' dir='ltr'>nos</span> <span class='ocrx_word' id='word_1_51' title='bbox 788 522 934 558; x_wconf 86' lang='lat' dir='ltr'>terruisset,</span> 
     </span>
     <span class='ocr_line' id='line_1_9' title="bbox 221 569 936 610; baseline -0.007 -10"><span class='ocrx_word' id='word_1_52' title='bbox 221 571 297 610; x_wconf 85' lang='lat' dir='ltr'>quasi</span> <span class='ocrx_word' id='word_1_53' title='bbox 319 572 346 599; x_wconf 89' lang='lat' dir='ltr'>in</span> <span class='ocrx_word' id='word_1_54' title='bbox 363 571 436 599; x_wconf 88' lang='lat' dir='ltr'>illius</span> <span class='ocrx_word' id='word_1_55' title='bbox 455 581 549 599; x_wconf 86' lang='lat' dir='ltr'>manus</span> <span class='ocrx_word' id='word_1_56' title='bbox 564 569 733 598; x_wconf 84' lang='lat' dir='ltr'>deventuros.</span> <span class='ocrx_word' id='word_1_57' title='bbox 753 569 830 597; x_wconf 85' lang='lat' dir='ltr'>Nunc</span> <span class='ocrx_word' id='word_1_58' title='bbox 847 574 936 595; x_wconf 88' lang='lat' dir='ltr'>autem</span> 
     </span>
     <span class='ocr_line' id='line_1_10' title="bbox 221 613 936 652; baseline -0.008 -6"><span class='ocrx_word' id='word_1_59' title='bbox 221 617 360 646; x_wconf 80' lang='lat' dir='ltr'>ostendens</span> <span class='ocrx_word' id='word_1_60' title='bbox 373 628 419 645; x_wconf 92' lang='lat' dir='ltr'>nos</span> <span class='ocrx_word' id='word_1_61' title='bbox 437 617 462 645; x_wconf 94' lang='lat' dir='ltr'>in</span> <span class='ocrx_word' id='word_1_62' title='bbox 475 617 549 644; x_wconf 82' lang='lat' dir='ltr'>illius</span> <span class='ocrx_word' id='word_1_63' title='bbox 561 626 654 644; x_wconf 85' lang='lat' dir='ltr'>manus</span> <span class='ocrx_word' id='word_1_64' title='bbox 671 615 767 643; x_wconf 84' lang='lat' dir='ltr'>iterum</span> <span class='ocrx_word' id='word_1_65' title='bbox 781 613 936 652; x_wconf 87' lang='lat' dir='ltr'>delapsuros</span> 
     </span>
     <span class='ocr_line' id='line_1_11' title="bbox 221 659 937 701; baseline -0.008 -9"><span class='ocrx_word' id='word_1_66' title='bbox 221 674 285 699; x_wconf 86' lang='lat' dir='ltr'>esse,</span> <span class='ocrx_word' id='word_1_67' title='bbox 311 670 389 701; x_wconf 88' lang='lat' dir='ltr'>atque</span> <span class='ocrx_word' id='word_1_68' title='bbox 407 669 550 699; x_wconf 81' lang='lat' dir='ltr'>utrumque</span> <span class='ocrx_word' id='word_1_69' title='bbox 568 661 711 700; x_wconf 85' lang='lat' dir='ltr'>populum,</span> <span class='ocrx_word' id='word_1_70' title='bbox 737 659 815 687; x_wconf 87' lang='lat' dir='ltr'>illum</span> <span class='ocrx_word' id='word_1_71' title='bbox 842 668 937 697; x_wconf 84' lang='lat' dir='ltr'>nempe</span> 
     </span>
     <span class='ocr_line' id='line_1_12' title="bbox 221 703 938 745; baseline -0.008 -7"><span class='ocrx_word' id='word_1_72' title='bbox 221 715 247 738; x_wconf 86' lang='lat' dir='ltr'>et</span> <span class='ocrx_word' id='word_1_73' title='bbox 272 709 432 737; x_wconf 86' lang='lat' dir='ltr'>hodiernum</span> <span class='ocrx_word' id='word_1_74' title='bbox 457 707 532 735; x_wconf 90' lang='lat' dir='ltr'>illius</span> <span class='ocrx_word' id='word_1_75' title='bbox 550 705 695 745; x_wconf 86' lang='lat' dir='ltr'>gubernari</span> <span class='ocrx_word' id='word_1_76' title='bbox 708 705 822 743; x_wconf 83' lang='lat' dir='ltr'>legibus,</span> <span class='ocrx_word' id='word_1_77' title='bbox 848 703 938 732; x_wconf 83' lang='lat' dir='ltr'>omnia</span> 
     </span>
     <span class='ocr_line' id='line_1_13' title="bbox 221 751 936 788; baseline -0.007 -6"><span class='ocrx_word' id='word_1_78' title='bbox 221 755 268 782; x_wconf 82' lang='lat' dir='ltr'>illa</span> <span class='ocrx_word' id='word_1_79' title='bbox 293 753 530 788; x_wconf 85' lang='lat' dir='ltr'>commemoravit,</span> <span class='ocrx_word' id='word_1_80' title='bbox 559 762 590 780; x_wconf 88' lang='lat' dir='ltr'>ac</span> <span class='ocrx_word' id='word_1_81' title='bbox 619 751 704 786; x_wconf 83' lang='lat' dir='ltr'>dixit,</span> <span class='ocrx_word' id='word_1_82' title='bbox 730 751 783 778; x_wconf 73' lang='lat' dir='ltr'>Ad</span> <span class='ocrx_word' id='word_1_83' title='bbox 807 756 936 778; x_wconf 82' lang='lat' dir='ltr'>nostram</span> 
     </span>
     <span class='ocr_line' id='line_1_14' title="bbox 221 795 936 838; baseline -0.008 -10"><span class='ocrx_word' id='word_1_84' title='bbox 221 802 429 838; x_wconf 76' lang='lat' dir='ltr'>correptionem</span> <span class='ocrx_word' id='word_1_85' title='bbox 451 799 560 836; x_wconf 79' lang='lat' dir='ltr'>scripta</span> <span class='ocrx_word' id='word_1_86' title='bbox 583 803 659 825; x_wconf 78' lang='lat' dir='ltr'>sunl.</span> <span class='ocrx_word' id='word_1_87' title='bbox 678 796 742 824; x_wconf 81' lang='lat' dir='ltr'>Haec</span> <span class='ocrx_word' id='word_1_88' title='bbox 765 795 850 833; x_wconf 82' lang='lat' dir='ltr'>igitur</span> <span class='ocrx_word' id='word_1_89' title='bbox 875 805 936 823; x_wconf 89' lang='lat' dir='ltr'>cum</span> 
     </span>
     <span class='ocr_line' id='line_1_15' title="bbox 220 840 935 883; baseline -0.007 -10"><span class='ocrx_word' id='word_1_90' title='bbox 220 845 344 881; x_wconf 86' lang='lat' dir='ltr'>sciamus,</span> <span class='ocrx_word' id='word_1_91' title='bbox 362 851 388 872; x_wconf 88' lang='lat' dir='ltr'>et</span> <span class='ocrx_word' id='word_1_92' title='bbox 408 843 549 883; x_wconf 69' lang='lat' dir='ltr'>praeteritis</span> <span class='ocrx_word' id='word_1_93' title='bbox 574 849 599 870; x_wconf 91' lang='lat' dir='ltr'>et</span> <span class='ocrx_word' id='word_1_94' title='bbox 620 842 717 870; x_wconf 85' lang='lat' dir='ltr'>futuris</span> <span class='ocrx_word' id='word_1_95' title='bbox 737 841 885 870; x_wconf 78' lang='lat' dir='ltr'>credamus.</span> <span class='ocrx_word' id='word_1_96' title='bbox 907 840 935 868; x_wconf 90' lang='lat' dir='ltr'>Si</span> 
     </span>
     <span class='ocr_line' id='line_1_16' title="bbox 220 885 937 929; baseline -0.008 -9"><span class='ocrx_word' id='word_1_97' title='bbox 220 902 284 920; x_wconf 84' lang='lat' dir='ltr'>vero</span> <span class='ocrx_word' id='word_1_98' title='bbox 306 890 425 929; x_wconf 80' lang='lat' dir='ltr'>quipiam</span> <span class='ocrx_word' id='word_1_99' title='bbox 447 889 513 926; x_wconf 88' lang='lat' dir='ltr'>sint,</span> <span class='ocrx_word' id='word_1_100' title='bbox 528 888 574 926; x_wconf 90' lang='lat' dir='ltr'>qui</span> <span class='ocrx_word' id='word_1_101' title='bbox 588 886 686 916; x_wconf 81' lang='lat' dir='ltr'>suturis</span> <span class='ocrx_word' id='word_1_102' title='bbox 708 897 760 916; x_wconf 92' lang='lat' dir='ltr'>non</span> <span class='ocrx_word' id='word_1_103' title='bbox 784 885 906 922; x_wconf 79' lang='lat' dir='ltr'><strong>credant,</strong></span> <span class='ocrx_word' id='word_1_104' title='bbox 921 896 937 914; x_wconf 84' lang='lat' dir='ltr'>a</span> 
     </span>
     <span class='ocr_line' id='line_1_17' title="bbox 220 931 936 976; baseline -0.008 -11"><span class='ocrx_word' id='word_1_105' title='bbox 220 936 362 976; x_wconf 82' lang='lat' dir='ltr'>praeteritis</span> <span class='ocrx_word' id='word_1_106' title='bbox 382 945 425 964; x_wconf 89' lang='lat' dir='ltr'>eos</span> <span class='ocrx_word' id='word_1_107' title='bbox 449 934 484 963; x_wconf 84' lang='lat' dir='ltr'>ad</span> <span class='ocrx_word' id='word_1_108' title='bbox 499 934 607 963; x_wconf 83' lang='lat' dir='ltr'>virtutis</span> <span class='ocrx_word' id='word_1_109' title='bbox 622 933 741 962; x_wconf 89' lang='lat' dir='ltr'>studium</span> <span class='ocrx_word' id='word_1_110' title='bbox 763 931 936 968; x_wconf 72' lang='lat' dir='ltr'><strong>deducamus,</strong></span> 
     </span>
     <span class='ocr_line' id='line_1_18' title="bbox 220 977 935 1019; baseline -0.008 -9"><span class='ocrx_word' id='word_1_111' title='bbox 220 982 268 1010; x_wconf 87' lang='lat' dir='ltr'>illa</span> <span class='ocrx_word' id='word_1_112' title='bbox 278 988 415 1010; x_wconf 86' lang='lat' dir='ltr'>narrantes</span> <span class='ocrx_word' id='word_1_113' title='bbox 430 991 488 1019; x_wconf 85' lang='lat' dir='ltr'>quae</span> <span class='ocrx_word' id='word_1_114' title='bbox 498 979 645 1009; x_wconf 84' lang='lat' dir='ltr'>Sodomitis</span> <span class='ocrx_word' id='word_1_115' title='bbox 657 978 821 1013; x_wconf 84' lang='lat' dir='ltr'>acciderunt,</span> <span class='ocrx_word' id='word_1_116' title='bbox 833 988 892 1016; x_wconf 78' lang='lat' dir='ltr'>quae</span> <span class='ocrx_word' id='word_1_117' title='bbox 909 977 935 1004; x_wconf 92' lang='lat' dir='ltr'>in</span> 
     </span>
     <span class='ocr_line' id='line_1_19' title="bbox 220 1024 933 1064; baseline -0.008 -8"><span class='ocrx_word' id='word_1_118' title='bbox 220 1027 326 1056; x_wconf 88' lang='lat' dir='ltr'>diluvio</span> <span class='ocrx_word' id='word_1_119' title='bbox 339 1027 411 1062; x_wconf 85' lang='lat' dir='ltr'>item,</span> <span class='ocrx_word' id='word_1_120' title='bbox 424 1036 482 1064; x_wconf 83' lang='lat' dir='ltr'>quae</span> <span class='ocrx_word' id='word_1_121' title='bbox 496 1025 524 1053; x_wconf 90' lang='lat' dir='ltr'>in</span> <span class='ocrx_word' id='word_1_122' title='bbox 537 1024 656 1063; x_wconf 80' lang='lat' dir='ltr'>AEgyptu</span> <span class='ocrx_word' id='word_1_123' title='bbox 680 1029 915 1052; x_wconf 80' lang='lat' dir='ltr'>commemorantes</span> <span class='ocrx_word' id='word_1_124' title='bbox 925 1032 933 1058; x_wconf 72' lang='lat'>5</span> 
     </span>
     <span class='ocr_line' id='line_1_20' title="bbox 221 1067 934 1111; baseline -0.01 -9"><span class='ocrx_word' id='word_1_125' title='bbox 221 1079 250 1102; x_wconf 85' lang='lat' dir='ltr'>ut</span> <span class='ocrx_word' id='word_1_126' title='bbox 269 1073 384 1101; x_wconf 88' lang='lat' dir='ltr'>aliorum</span> <span class='ocrx_word' id='word_1_127' title='bbox 396 1071 480 1111; x_wconf 88' lang='lat' dir='ltr'>poenis</span> <span class='ocrx_word' id='word_1_128' title='bbox 498 1070 531 1098; x_wconf 89' lang='lat' dir='ltr'>ad</span> <span class='ocrx_word' id='word_1_129' title='bbox 546 1070 683 1098; x_wconf 89' lang='lat' dir='ltr'>meliorem</span> <span class='ocrx_word' id='word_1_130' title='bbox 701 1070 806 1106; x_wconf 81' lang='lat' dir='ltr'><strong>frugem</strong></span> <span class='ocrx_word' id='word_1_131' title='bbox 819 1067 934 1104; x_wconf 86' lang='lat' dir='ltr'>reducti,</span> 
     </span>
     <span class='ocr_line' id='line_1_21' title="bbox 219 1113 937 1156; baseline -0.01 -9"><span class='ocrx_word' id='word_1_132' title='bbox 219 1119 356 1156; x_wconf 86' lang='lat' dir='ltr'>vitamque</span> <span class='ocrx_word' id='word_1_133' title='bbox 378 1123 485 1156; x_wconf 80' lang='lat' dir='ltr'><strong>agentes</strong></span> <span class='ocrx_word' id='word_1_134' title='bbox 499 1115 638 1154; x_wconf 67' lang='lat' dir='ltr'>optimam,</span> <span class='ocrx_word' id='word_1_135' title='bbox 655 1114 805 1142; x_wconf 84' lang='lat' dir='ltr'>doctrinam</span> <span class='ocrx_word' id='word_1_136' title='bbox 826 1113 937 1141; x_wconf 82' lang='lat' dir='ltr'>demum</span> 
     </span>
     <span class='ocr_line' id='line_1_22' title="bbox 220 1159 937 1202; baseline -0.01 -10"><span class='ocrx_word' id='word_1_137' title='bbox 220 1163 255 1192; x_wconf 86' lang='lat' dir='ltr'>de</span> <span class='ocrx_word' id='word_1_138' title='bbox 267 1163 385 1202; x_wconf 81' lang='lat' dir='ltr'><strong>gehenna</strong></span> <span class='ocrx_word' id='word_1_139' title='bbox 396 1169 422 1190; x_wconf 89' lang='lat' dir='ltr'>et</span> <span class='ocrx_word' id='word_1_140' title='bbox 433 1161 466 1190; x_wconf 89' lang='lat' dir='ltr'>de</span> <span class='ocrx_word' id='word_1_141' title='bbox 477 1161 669 1189; x_wconf 86' lang='lat' dir='ltr'>resurrectione</span> <span class='ocrx_word' id='word_1_142' title='bbox 682 1159 832 1187; x_wconf 73' lang='lat' dir='ltr'>admittant.</span> <span class='ocrx_word' id='word_1_143' title='bbox 844 1160 937 1194; x_wconf 87' lang='lat' dir='ltr'>Quan-</span> 
     </span>
     <span class='ocr_line' id='line_1_23' title="bbox 219 1204 935 1246; baseline -0.007 -9"><span class='ocrx_word' id='word_1_144' title='bbox 219 1207 367 1246; x_wconf 87' lang='lat' dir='ltr'>doquidem</span> <span class='ocrx_word' id='word_1_145' title='bbox 387 1214 413 1236; x_wconf 85' lang='lat' dir='ltr'>et</span> <span class='ocrx_word' id='word_1_146' title='bbox 435 1216 505 1235; x_wconf 89' lang='lat' dir='ltr'>nunc</span> <span class='ocrx_word' id='word_1_147' title='bbox 525 1205 572 1244; x_wconf 86' lang='lat' dir='ltr'>qui</span> <span class='ocrx_word' id='word_1_148' title='bbox 585 1205 719 1244; x_wconf 86' lang='lat' dir='ltr'>judicium</span> <span class='ocrx_word' id='word_1_149' title='bbox 741 1214 792 1232; x_wconf 88' lang='lat' dir='ltr'>non</span> <span class='ocrx_word' id='word_1_150' title='bbox 813 1204 935 1241; x_wconf 85' lang='lat' dir='ltr'>eredunt,</span> 
     </span>
     <span class='ocr_line' id='line_1_24' title="bbox 219 1249 937 1291; baseline -0.007 -9"><span class='ocrx_word' id='word_1_151' title='bbox 219 1254 326 1282; x_wconf 89' lang='lat' dir='ltr'>nonnisi</span> <span class='ocrx_word' id='word_1_152' title='bbox 340 1264 355 1281; x_wconf 90' lang='lat' dir='ltr'>a</span> <span class='ocrx_word' id='word_1_153' title='bbox 372 1259 496 1291; x_wconf 84' lang='lat' dir='ltr'>corrupta</span> <span class='ocrx_word' id='word_1_154' title='bbox 512 1251 568 1279; x_wconf 87' lang='lat' dir='ltr'>vita</span> <span class='ocrx_word' id='word_1_155' title='bbox 579 1257 604 1279; x_wconf 88' lang='lat' dir='ltr'>et</span> <span class='ocrx_word' id='word_1_156' title='bbox 618 1261 701 1290; x_wconf 76' lang='lat' dir='ltr'>prava</span> <span class='ocrx_word' id='word_1_157' title='bbox 723 1249 882 1278; x_wconf 87' lang='lat' dir='ltr'>conscientia</span> <span class='ocrx_word' id='word_1_158' title='bbox 898 1249 937 1278; x_wconf 91' lang='lat' dir='ltr'>sic</span> 
     </span>
     <span class='ocr_line' id='line_1_25' title="bbox 220 1296 937 1336; baseline -0.007 -8"><span class='ocrx_word' id='word_1_159' title='bbox 220 1299 310 1328; x_wconf 78' lang='lat' dir='ltr'>affecti</span> <span class='ocrx_word' id='word_1_160' title='bbox 323 1305 394 1327; x_wconf 90' lang='lat' dir='ltr'>sunt.</span> <span class='ocrx_word' id='word_1_161' title='bbox 410 1299 504 1336; x_wconf 84' lang='lat' dir='ltr'>Itaque</span> <span class='ocrx_word' id='word_1_162' title='bbox 519 1297 540 1325; x_wconf 91' lang='lat' dir='ltr'>si</span> <span class='ocrx_word' id='word_1_163' title='bbox 555 1303 661 1336; x_wconf 76' lang='lat' dir='ltr'>peccata</span> <span class='ocrx_word' id='word_1_164' title='bbox 675 1296 807 1332; x_wconf 77' lang='lat' dir='ltr'>eluamus,</span> <span class='ocrx_word' id='word_1_165' title='bbox 826 1302 850 1324; x_wconf 92' lang='lat' dir='ltr'>et</span> <span class='ocrx_word' id='word_1_166' title='bbox 864 1302 937 1324; x_wconf 84' lang='lat' dir='ltr'>metu</span> 
     </span>
     <span class='ocr_line' id='line_1_26' title="bbox 220 1340 937 1384; baseline -0.008 -10"><span class='ocrx_word' id='word_1_167' title='bbox 220 1345 416 1384; x_wconf 72' lang='lat' dir='ltr'>proeteritorum</span> <span class='ocrx_word' id='word_1_168' title='bbox 440 1354 487 1372; x_wconf 90' lang='lat' dir='ltr'>nos</span> <span class='ocrx_word' id='word_1_169' title='bbox 505 1342 672 1377; x_wconf 81' lang='lat' dir='ltr'>erudiamus,</span> <span class='ocrx_word' id='word_1_170' title='bbox 691 1342 771 1370; x_wconf 83' lang='lat' dir='ltr'>etiam</span> <span class='ocrx_word' id='word_1_171' title='bbox 786 1340 937 1369; x_wconf 82' lang='lat' dir='ltr'>doctrinam</span> 
     </span>
     <span class='ocr_line' id='line_1_27' title="bbox 220 1386 936 1421; baseline -0.01 -2"><span class='ocrx_word' id='word_1_172' title='bbox 220 1391 254 1419; x_wconf 90' lang='lat' dir='ltr'>de</span> <span class='ocrx_word' id='word_1_173' title='bbox 270 1390 367 1418; x_wconf 86' lang='lat' dir='ltr'>futuris</span> <span class='ocrx_word' id='word_1_174' title='bbox 388 1388 527 1417; x_wconf 80' lang='lat' dir='ltr'>admittere</span> <span class='ocrx_word' id='word_1_175' title='bbox 550 1386 731 1415; x_wconf 77' lang='lat' dir='ltr'>suadebimus.</span> <span class='ocrx_word' id='word_1_176' title='bbox 752 1386 936 1421; x_wconf 87' lang='lat' dir='ltr'>Quemadmo-</span> 
     </span>
     <span class='ocr_line' id='line_1_28' title="bbox 220 1430 937 1473; baseline -0.008 -9"><span class='ocrx_word' id='word_1_177' title='bbox 220 1435 287 1464; x_wconf 89' lang='lat' dir='ltr'>dum</span> <span class='ocrx_word' id='word_1_178' title='bbox 302 1435 373 1463; x_wconf 88' lang='lat' dir='ltr'>enim</span> <span class='ocrx_word' id='word_1_179' title='bbox 386 1445 469 1473; x_wconf 86' lang='lat' dir='ltr'>prava</span> <span class='ocrx_word' id='word_1_180' title='bbox 480 1433 605 1471; x_wconf 79' lang='lat' dir='ltr'>dogmata</span> <span class='ocrx_word' id='word_1_181' title='bbox 616 1432 700 1461; x_wconf 84' lang='lat' dir='ltr'>vitam</span> <span class='ocrx_word' id='word_1_182' title='bbox 710 1431 845 1470; x_wconf 86' lang='lat' dir='ltr'>impuram</span> <span class='ocrx_word' id='word_1_183' title='bbox 858 1430 937 1459; x_wconf 87' lang='lat' dir='ltr'>indu-</span> 
     </span>
     <span class='ocr_line' id='line_1_29' title="bbox 222 1477 937 1516; baseline -0.006 -7"><span class='ocrx_word' id='word_1_184' title='bbox 222 1491 280 1510; x_wconf 83' lang='lat' dir='ltr'>cere</span> <span class='ocrx_word' id='word_1_185' title='bbox 295 1480 390 1515; x_wconf 79' lang='lat' dir='ltr'>solent,</span> <span class='ocrx_word' id='word_1_186' title='bbox 403 1480 441 1508; x_wconf 92' lang='lat' dir='ltr'>sic</span> <span class='ocrx_word' id='word_1_187' title='bbox 461 1485 486 1508; x_wconf 87' lang='lat' dir='ltr'>et</span> <span class='ocrx_word' id='word_1_188' title='bbox 500 1485 625 1516; x_wconf 84' lang='lat' dir='ltr'>corrupta</span> <span class='ocrx_word' id='word_1_189' title='bbox 641 1478 698 1506; x_wconf 74' lang='lat' dir='ltr'>vita</span> <span class='ocrx_word' id='word_1_190' title='bbox 711 1488 795 1516; x_wconf 86' lang='lat' dir='ltr'>prava</span> <span class='ocrx_word' id='word_1_191' title='bbox 812 1477 937 1516; x_wconf 83' lang='lat' dir='ltr'>dogmata</span> 
     </span>
     <span class='ocr_line' id='line_1_30' title="bbox 222 1522 937 1565; baseline -0.004 -11"><span class='ocrx_word' id='word_1_192' title='bbox 222 1526 380 1565; x_wconf 78' lang='lat' dir='ltr'>plerumque</span> <span class='ocrx_word' id='word_1_193' title='bbox 394 1524 505 1564; x_wconf 82' lang='lat' dir='ltr'>peperit.</span> <span class='ocrx_word' id='word_1_194' title='bbox 523 1522 602 1558; x_wconf 87' lang='lat' dir='ltr'>Quod</span> <span class='ocrx_word' id='word_1_195' title='bbox 616 1533 648 1551; x_wconf 84' lang='lat' dir='ltr'>ne</span> <span class='ocrx_word' id='word_1_196' title='bbox 670 1523 805 1560; x_wconf 81' lang='lat' dir='ltr'>contingat</span> <span class='ocrx_word' id='word_1_197' title='bbox 821 1530 846 1551; x_wconf 90' lang='lat' dir='ltr'>et</span> <span class='ocrx_word' id='word_1_198' title='bbox 861 1523 937 1551; x_wconf 84' lang='lat' dir='ltr'>nobis</span> 
     </span>
     <span class='ocr_line' id='line_1_31' title="bbox 222 1568 936 1610; baseline -0.004 -11"><span class='ocrx_word' id='word_1_199' title='bbox 222 1571 300 1610; x_wconf 81' lang='lat' dir='ltr'>ipsis,</span> <span class='ocrx_word' id='word_1_200' title='bbox 317 1577 342 1598; x_wconf 89' lang='lat' dir='ltr'>et</span> <span class='ocrx_word' id='word_1_201' title='bbox 356 1570 427 1607; x_wconf 88' lang='lat' dir='ltr'>aliis,</span> <span class='ocrx_word' id='word_1_202' title='bbox 441 1569 498 1597; x_wconf 76' lang='lat' dir='ltr'>haec</span> <span class='ocrx_word' id='word_1_203' title='bbox 518 1569 691 1598; x_wconf 78' lang='lat' dir='ltr'>vociferantes</span> <span class='ocrx_word' id='word_1_204' title='bbox 706 1568 787 1597; x_wconf 81' lang='lat' dir='ltr'>verba</span> <span class='ocrx_word' id='word_1_205' title='bbox 800 1575 825 1596; x_wconf 84' lang='lat' dir='ltr'>et</span> <span class='ocrx_word' id='word_1_206' title='bbox 839 1575 936 1596; x_wconf 86' lang='lat' dir='ltr'>rectam</span> 
     </span>
     <span class='ocr_line' id='line_1_32' title="bbox 222 1613 937 1652; baseline -0.006 -7"><span class='ocrx_word' id='word_1_207' title='bbox 222 1617 304 1645; x_wconf 86' lang='lat' dir='ltr'>fidem</span> <span class='ocrx_word' id='word_1_208' title='bbox 326 1626 471 1651; x_wconf 82' lang='lat' dir='ltr'>servemus,</span> <span class='ocrx_word' id='word_1_209' title='bbox 490 1622 515 1643; x_wconf 88' lang='lat' dir='ltr'>et</span> <span class='ocrx_word' id='word_1_210' title='bbox 536 1615 600 1644; x_wconf 60' lang='lat' dir='ltr'>vitae</span> <span class='ocrx_word' id='word_1_211' title='bbox 627 1613 778 1642; x_wconf 88' lang='lat' dir='ltr'>institutum</span> <span class='ocrx_word' id='word_1_212' title='bbox 803 1613 937 1652; x_wconf 86' lang='lat' dir='ltr'>optimum</span> 
     </span>
     <span class='ocr_line' id='line_1_33' title="bbox 222 1658 936 1698; baseline -0.006 -8"><span class='ocrx_word' id='word_1_213' title='bbox 222 1662 408 1698; x_wconf 76' lang='lat' dir='ltr'>exhibeamus,</span> <span class='ocrx_word' id='word_1_214' title='bbox 428 1659 644 1698; x_wconf 88' lang='lat' dir='ltr'>quandoquidem</span> <span class='ocrx_word' id='word_1_215' title='bbox 664 1669 680 1687; x_wconf 86' lang='lat' dir='ltr'>a</span> <span class='ocrx_word' id='word_1_216' title='bbox 705 1658 782 1686; x_wconf 86' lang='lat' dir='ltr'>nobis</span> <span class='ocrx_word' id='word_1_217' title='bbox 807 1669 841 1687; x_wconf 79' lang='lat' dir='ltr'>ex</span> <span class='ocrx_word' id='word_1_218' title='bbox 864 1659 936 1687; x_wconf 90' lang='lat' dir='ltr'>omni</span> 
     </span>
     <span class='ocr_line' id='line_1_34' title="bbox 223 1703 938 1745; baseline 0 -12"><span class='ocrx_word' id='word_1_219' title='bbox 223 1713 299 1745; x_wconf 84' lang='lat' dir='ltr'>parte</span> <span class='ocrx_word' id='word_1_220' title='bbox 314 1706 526 1734; x_wconf 88' lang='lat' dir='ltr'>demonstratum</span> <span class='ocrx_word' id='word_1_221' title='bbox 537 1711 586 1742; x_wconf 85' lang='lat' dir='ltr'>est,</span> <span class='ocrx_word' id='word_1_222' title='bbox 602 1704 659 1732; x_wconf 89' lang='lat' dir='ltr'>sine</span> <span class='ocrx_word' id='word_1_223' title='bbox 669 1704 753 1743; x_wconf 84' lang='lat' dir='ltr'>proha</span> <span class='ocrx_word' id='word_1_224' title='bbox 767 1703 822 1733; x_wconf 83' lang='lat' dir='ltr'>vita</span> <span class='ocrx_word' id='word_1_225' title='bbox 836 1704 938 1733; x_wconf 87' lang='lat' dir='ltr'>nullam</span> 
     </span>
     <span class='ocr_line' id='line_1_35' title="bbox 224 1749 938 1788; baseline -0.003 -8"><span class='ocrx_word' id='word_1_226' title='bbox 224 1752 280 1780; x_wconf 81' lang='lat' dir='ltr'>fore</span> <span class='ocrx_word' id='word_1_227' title='bbox 291 1758 425 1780; x_wconf 86' lang='lat' dir='ltr'>rectorum</span> <span class='ocrx_word' id='word_1_228' title='bbox 438 1749 595 1788; x_wconf 83' lang='lat' dir='ltr'>dogmatum</span> <span class='ocrx_word' id='word_1_229' title='bbox 611 1749 762 1778; x_wconf 82' lang='lat' dir='ltr'>utilitatem.</span> <span class='ocrx_word' id='word_1_230' title='bbox 777 1749 840 1778; x_wconf 87' lang='lat' dir='ltr'>Fiat</span> <span class='ocrx_word' id='word_1_231' title='bbox 850 1757 938 1778; x_wconf 88' lang='lat' dir='ltr'>autem</span> 
     </span>
     <span class='ocr_line' id='line_1_36' title="bbox 223 1795 940 1836; baseline -0.001 -12"><span class='ocrx_word' id='word_1_232' title='bbox 223 1797 348 1836; x_wconf 86' lang='lat' dir='ltr'>precibus</span> <span class='ocrx_word' id='word_1_233' title='bbox 370 1803 539 1832; x_wconf 82' lang='lat' dir='ltr'>sanctorum,</span> <span class='ocrx_word' id='word_1_234' title='bbox 553 1802 578 1824; x_wconf 91' lang='lat' dir='ltr'>et</span> <span class='ocrx_word' id='word_1_235' title='bbox 596 1795 741 1834; x_wconf 73' lang='lat' dir='ltr'>praesulum</span> <span class='ocrx_word' id='word_1_236' title='bbox 763 1795 893 1832; x_wconf 85' lang='lat' dir='ltr'>omnium,</span> <span class='ocrx_word' id='word_1_237' title='bbox 910 1803 940 1824; x_wconf 88' lang='lat' dir='ltr'>ut</span> 
     </span>
     <span class='ocr_line' id='line_1_37' title="bbox 224 1840 939 1880; baseline -0.004 -9"><span class='ocrx_word' id='word_1_238' title='bbox 224 1849 251 1870; x_wconf 85' lang='lat' dir='ltr'>et</span> <span class='ocrx_word' id='word_1_239' title='bbox 261 1849 330 1871; x_wconf 86' lang='lat' dir='ltr'>recta</span> <span class='ocrx_word' id='word_1_240' title='bbox 345 1842 482 1880; x_wconf 77' lang='lat' dir='ltr'>dogmata,</span> <span class='ocrx_word' id='word_1_241' title='bbox 494 1851 552 1879; x_wconf 68' lang='lat' dir='ltr'>quae</span> <span class='ocrx_word' id='word_1_242' title='bbox 565 1851 580 1869; x_wconf 87' lang='lat' dir='ltr'>a</span> <span class='ocrx_word' id='word_1_243' title='bbox 597 1840 744 1879; x_wconf 80' lang='lat' dir='ltr'>majoribus</span> <span class='ocrx_word' id='word_1_244' title='bbox 756 1840 821 1868; x_wconf 87' lang='lat' dir='ltr'>olim</span> <span class='ocrx_word' id='word_1_245' title='bbox 835 1840 939 1880; x_wconf 84' lang='lat' dir='ltr'>accepi-</span> 
     </span>
     <span class='ocr_line' id='line_1_38' title="bbox 226 1884 940 1927; baseline -0.003 -11"><span class='ocrx_word' id='word_1_246' title='bbox 226 1899 296 1922; x_wconf 88' lang='lat' dir='ltr'>mus,</span> <span class='ocrx_word' id='word_1_247' title='bbox 307 1899 375 1927; x_wconf 84' lang='lat' dir='ltr'>pura</span> <span class='ocrx_word' id='word_1_248' title='bbox 386 1892 570 1923; x_wconf 81' lang='lat' dir='ltr'>servemus;ct</span> <span class='ocrx_word' id='word_1_249' title='bbox 583 1886 666 1914; x_wconf 86' lang='lat' dir='ltr'>vitam</span> <span class='ocrx_word' id='word_1_250' title='bbox 677 1884 742 1924; x_wconf 87' lang='lat' dir='ltr'>ipsis</span> <span class='ocrx_word' id='word_1_251' title='bbox 754 1892 940 1923; x_wconf 76' lang='lat' dir='ltr'>congruentem</span> 
     </span>
     <span class='ocr_line' id='line_1_39' title="bbox 225 1931 939 1972; baseline -0.003 -11"><span class='ocrx_word' id='word_1_252' title='bbox 225 1933 408 1972; x_wconf 73' lang='lat' dir='ltr'>adjiciamus,</span> <span class='ocrx_word' id='word_1_253' title='bbox 433 1939 463 1960; x_wconf 91' lang='lat' dir='ltr'>ut</span> <span class='ocrx_word' id='word_1_254' title='bbox 489 1931 618 1971; x_wconf 85' lang='lat' dir='ltr'>promissa</span> <span class='ocrx_word' id='word_1_255' title='bbox 642 1931 712 1959; x_wconf 86' lang='lat' dir='ltr'>bona</span> <span class='ocrx_word' id='word_1_256' title='bbox 738 1941 939 1968; x_wconf 80' lang='lat' dir='ltr'>consequamur,</span> 
     </span>
     <span class='ocr_line' id='line_1_40' title="bbox 226 1976 939 2017; baseline -0.003 -10"><span class='ocrx_word' id='word_1_257' title='bbox 226 1979 311 2016; x_wconf 82' lang='lat' dir='ltr'>gratia</span> <span class='ocrx_word' id='word_1_258' title='bbox 322 1986 347 2007; x_wconf 80' lang='lat' dir='ltr'>et</span> <span class='ocrx_word' id='word_1_259' title='bbox 358 1978 521 2017; x_wconf 79' lang='lat' dir='ltr'>benignitate</span> <span class='ocrx_word' id='word_1_260' title='bbox 533 1977 639 2006; x_wconf 88' lang='lat' dir='ltr'>Domini</span> <span class='ocrx_word' id='word_1_261' title='bbox 657 1976 740 2005; x_wconf 88' lang='lat' dir='ltr'>nostri</span> <span class='ocrx_word' id='word_1_262' title='bbox 754 1977 817 2006; x_wconf 87' lang='lat' dir='ltr'>Jesu</span> <span class='ocrx_word' id='word_1_263' title='bbox 828 1977 939 2015; x_wconf 85' lang='lat' dir='ltr'>Christi,</span> 
     </span>
     <span class='ocr_line' id='line_1_41' title="bbox 227 2022 939 2062; baseline 0 -11"><span class='ocrx_word' id='word_1_264' title='bbox 227 2025 336 2062; x_wconf 81' lang='lat' dir='ltr'>quicum</span> <span class='ocrx_word' id='word_1_265' title='bbox 357 2024 431 2053; x_wconf 86' lang='lat' dir='ltr'>Patri</span> <span class='ocrx_word' id='word_1_266' title='bbox 447 2023 579 2061; x_wconf 85' lang='lat' dir='ltr'>simulque</span> <span class='ocrx_word' id='word_1_267' title='bbox 592 2029 681 2051; x_wconf 82' lang='lat' dir='ltr'>sancto</span> <span class='ocrx_word' id='word_1_268' title='bbox 702 2022 827 2061; x_wconf 84' lang='lat' dir='ltr'>Spiritui,</span> <span class='ocrx_word' id='word_1_269' title='bbox 844 2023 939 2061; x_wconf 83' lang='lat' dir='ltr'>gloria,</span> 
     </span>
     <span class='ocr_line' id='line_1_42' title="bbox 228 2067 942 2108; baseline -0.001 -11"><span class='ocrx_word' id='word_1_270' title='bbox 228 2070 386 2108; x_wconf 89' lang='lat' dir='ltr'>imperium,</span> <span class='ocrx_word' id='word_1_271' title='bbox 402 2070 500 2106; x_wconf 82' lang='lat' dir='ltr'>honor,</span> <span class='ocrx_word' id='word_1_272' title='bbox 513 2079 583 2098; x_wconf 87' lang='lat' dir='ltr'>nune</span> <span class='ocrx_word' id='word_1_273' title='bbox 597 2075 622 2097; x_wconf 87' lang='lat' dir='ltr'>et</span> <span class='ocrx_word' id='word_1_274' title='bbox 635 2078 750 2107; x_wconf 84' lang='lat' dir='ltr'>semper,</span> <span class='ocrx_word' id='word_1_275' title='bbox 766 2074 791 2097; x_wconf 84' lang='lat' dir='ltr'>et</span> <span class='ocrx_word' id='word_1_276' title='bbox 804 2067 831 2096; x_wconf 88' lang='lat' dir='ltr'>in</span> <span class='ocrx_word' id='word_1_277' title='bbox 847 2068 942 2097; x_wconf 79' lang='lat' dir='ltr'>saecula</span> 
     </span>
     <span class='ocr_line' id='line_1_43' title="bbox 229 2115 498 2144; baseline 0.004 -2"><span class='ocrx_word' id='word_1_278' title='bbox 229 2115 395 2143; x_wconf 60' lang='lat' dir='ltr'>saeculorum.</span> <span class='ocrx_word' id='word_1_279' title='bbox 405 2116 498 2144; x_wconf 88' lang='lat' dir='ltr'>Amen.</span> 
     </span>
    </p>
   </div>
   <div class='ocr_carea' id='block_1_3' title="bbox 529 191 543 208">
    <p class='ocr_par' dir='ltr' id='par_1_3' title="bbox 529 191 543 208">
     <span class='ocr_line' id='line_1_44' title="bbox 529 191 543 208; baseline 0 -3"><span class='ocrx_word' id='word_1_280' title='bbox 529 191 543 208; x_wconf 62' lang='lat' dir='ltr'><strong>Q</strong></span> 
     </span>
    </p>
   </div>
   <div class='ocr_carea' id='block_1_4' title="bbox 529 188 931 213">
    <p class='ocr_par' dir='ltr' id='par_1_4' title="bbox 529 188 931 213">
     <span class='ocr_line' id='line_1_45' title="bbox 529 188 931 213; baseline -0.01 0"><span class='ocrx_word' id='word_1_281' title='bbox 529 206 556 212; x_wconf 48' lang='grc' dir='ltr'><strong><em>υ</em></strong></span> <span class='ocrx_word' id='word_1_282' title='bbox 585 190 724 213; x_wconf 67' lang='lat' dir='ltr'><strong>JOANNIS</strong></span> <span class='ocrx_word' id='word_1_283' title='bbox 751 188 931 212; x_wconf 74' lang='lat' dir='ltr'>CHRYSOST.</span> 
     </span>
    </p>
   </div>
   <div class='ocr_carea' id='block_1_5' title="bbox 264 2205 472 2231">
    <p class='ocr_par' dir='ltr' id='par_1_5' title="bbox 264 2205 472 2231">
     <span class='ocr_line' id='line_1_46' title="bbox 264 2205 472 2231; baseline 0 -2"><span class='ocrx_word' id='word_1_284' title='bbox 264 2214 273 2225; x_wconf 74' lang='lat'>··</span> <span class='ocrx_word' id='word_1_285' title='bbox 291 2205 336 2230; x_wconf 75' lang='lat' dir='ltr'>Alii</span> <span class='ocrx_word' id='word_1_286' title='bbox 349 2212 392 2231; x_wconf 78' lang='grc' dir='ltr'>τῶν</span> <span class='ocrx_word' id='word_1_287' title='bbox 405 2210 472 2231; x_wconf 78' lang='grc' dir='ltr'>κατά.</span> 
     </span>
    </p>
   </div>
   <div class='ocr_carea' id='block_1_6' title="bbox 961 186 1414 209">
    <p class='ocr_par' dir='ltr' id='par_1_6' title="bbox 961 186 1414 209">
     <span class='ocr_line' id='line_1_47' title="bbox 961 186 1414 209; baseline -0.002 0"><span class='ocrx_word' id='word_1_288' title='bbox 961 187 1117 209; x_wconf 73' lang='lat' dir='ltr'>Ancntffl‘.</span> <span class='ocrx_word' id='word_1_289' title='bbox 1147 186 1414 209; x_wconf 64' lang='lat' dir='ltr'>CONSTANTINOP-</span> 
     </span>
    </p>
   </div>
   <div class='ocr_carea' id='block_1_7' title="bbox 946 498 981 517">
    <p class='ocr_par' dir='ltr' id='par_1_7' title="bbox 946 498 981 517">
     <span class='ocr_line' id='line_1_48' title="bbox 946 498 981 517; baseline 0.029 -1"><span class='ocrx_word' id='word_1_290' title='bbox 946 498 981 517; x_wconf 73' lang='lat'>233</span> 
     </span>
    </p>
   </div>
   <div class='ocr_carea' id='block_1_8' title="bbox 992 245 1764 2151">
    <p class='ocr_par' dir='ltr' id='par_1_8' title="bbox 992 245 1764 2151">
     <span class='ocr_line' id='line_1_49' title="bbox 993 245 1756 284; baseline -0.004 -7"><span class='ocrx_word' id='word_1_291' title='bbox 993 245 1029 281; x_wconf 76' lang='grc' dir='ltr'>εἷς</span> <span class='ocrx_word' id='word_1_292' title='bbox 1043 250 1097 277; x_wconf 82' lang='grc' dir='ltr'>ἐστι</span> <span class='ocrx_word' id='word_1_293' title='bbox 1111 248 1156 277; x_wconf 81' lang='grc' dir='ltr'>καὶ</span> <span class='ocrx_word' id='word_1_294' title='bbox 1172 250 1185 277; x_wconf 84' lang='grc' dir='ltr'>ὅ</span> <span class='ocrx_word' id='word_1_295' title='bbox 1200 248 1284 284; x_wconf 75' lang='grc' dir='ltr'>αὐτὸς,</span> <span class='ocrx_word' id='word_1_296' title='bbox 1297 250 1311 277; x_wconf 76' lang='grc' dir='ltr'>ὃ</span> <span class='ocrx_word' id='word_1_297' title='bbox 1325 248 1369 277; x_wconf 79' lang='grc' dir='ltr'>καὶ</span> <span class='ocrx_word' id='word_1_298' title='bbox 1381 249 1466 277; x_wconf 82' lang='grc' dir='ltr'>ἐκεῖνα</span> <span class='ocrx_word' id='word_1_299' title='bbox 1481 247 1602 282; x_wconf 67' lang='grc' dir='ltr'>ποιήσας,</span> <span class='ocrx_word' id='word_1_300' title='bbox 1618 246 1661 275; x_wconf 78' lang='grc' dir='ltr'>καὶ</span> <span class='ocrx_word' id='word_1_301' title='bbox 1673 249 1756 275; x_wconf 70' lang='grc' dir='ltr'>ταῦτα</span> 
     </span>
     <span class='ocr_line' id='line_1_50' title="bbox 993 288 1756 332; baseline -0.004 -10"><span class='ocrx_word' id='word_1_302' title='bbox 993 295 1024 322; x_wconf 73' lang='grc' dir='ltr'>δι’</span> <span class='ocrx_word' id='word_1_303' title='bbox 1051 295 1128 322; x_wconf 77' lang='grc' dir='ltr'>αὐτοῦ</span> <span class='ocrx_word' id='word_1_304' title='bbox 1152 293 1336 332; x_wconf 72' lang='grc' dir='ltr'>φθεγγόμενος;</span> <span class='ocrx_word' id='word_1_305' title='bbox 1360 294 1393 321; x_wconf 75' lang='lat' dir='ltr'>Ei</span> <span class='ocrx_word' id='word_1_306' title='bbox 1416 292 1468 331; x_wconf 74' lang='grc' dir='ltr'>γὰρ</span> <span class='ocrx_word' id='word_1_307' title='bbox 1492 293 1626 332; x_wconf 82' lang='grc' dir='ltr'>ἀλλότριος</span> <span class='ocrx_word' id='word_1_308' title='bbox 1646 288 1688 327; x_wconf 66' lang='grc' dir='ltr'>ἦν,</span> <span class='ocrx_word' id='word_1_309' title='bbox 1710 293 1756 320; x_wconf 79' lang='grc' dir='ltr'>οὐκ</span> 
     </span>
     <span class='ocr_line' id='line_1_51' title="bbox 993 336 1757 373; baseline -0.003 -7"><span class='ocrx_word' id='word_1_310' title='bbox 993 341 1079 367; x_wconf 78' lang='grc' dir='ltr'>ἐκεῖνα</span> <span class='ocrx_word' id='word_1_311' title='bbox 1098 338 1194 367; x_wconf 76' lang='grc' dir='ltr'>τούτων</span> <span class='ocrx_word' id='word_1_312' title='bbox 1209 338 1305 370; x_wconf 77' lang='grc' dir='ltr'>τύπους</span> <span class='ocrx_word' id='word_1_313' title='bbox 1320 338 1452 373; x_wconf 72' lang='grc' dir='ltr'>ἐκάλεσεν,</span> <span class='ocrx_word' id='word_1_314' title='bbox 1469 339 1515 366; x_wconf 72' lang='grc' dir='ltr'>οὐκ</span> <span class='ocrx_word' id='word_1_315' title='bbox 1530 338 1559 365; x_wconf 81' lang='grc' dir='ltr'>ἂν</span> <span class='ocrx_word' id='word_1_316' title='bbox 1575 339 1610 370; x_wconf 87' lang='grc' dir='ltr'>εἷς</span> <span class='ocrx_word' id='word_1_317' title='bbox 1624 336 1757 365; x_wconf 84' lang='grc' dir='ltr'>νουθεσίαν</span> 
     </span>
     <span class='ocr_line' id='line_1_52' title="bbox 992 379 1756 424; baseline -0.001 -13"><span class='ocrx_word' id='word_1_318' title='bbox 992 386 1067 422; x_wconf 71' lang='grc' dir='ltr'>ἡμῶν</span> <span class='ocrx_word' id='word_1_319' title='bbox 1083 385 1149 412; x_wconf 78' lang='grc' dir='ltr'>αὐτὰ</span> <span class='ocrx_word' id='word_1_320' title='bbox 1166 384 1309 424; x_wconf 65' lang='grc' dir='ltr'>γεγράφθαι</span> <span class='ocrx_word' id='word_1_321' title='bbox 1328 379 1408 419; x_wconf 62' lang='grc' dir='ltr'>εἶπεν,</span> <span class='ocrx_word' id='word_1_322' title='bbox 1423 385 1468 412; x_wconf 79' lang='grc' dir='ltr'>οὐκ</span> <span class='ocrx_word' id='word_1_323' title='bbox 1483 383 1512 411; x_wconf 80' lang='grc' dir='ltr'>ἂν</span> <span class='ocrx_word' id='word_1_324' title='bbox 1526 383 1681 411; x_wconf 71' lang='grc' dir='ltr'>διδάσκαλον</span> <span class='ocrx_word' id='word_1_325' title='bbox 1693 385 1756 419; x_wconf 82' lang='grc' dir='ltr'>ἡμῖν</span> 
     </span>
     <span class='ocr_line' id='line_1_53' title="bbox 993 425 1758 467; baseline -0.003 -9"><span class='ocrx_word' id='word_1_326' title='bbox 993 429 1146 464; x_wconf 70' lang='grc' dir='ltr'>ἐπέστησεν,</span> <span class='ocrx_word' id='word_1_327' title='bbox 1171 430 1197 458; x_wconf 77' lang='grc' dir='ltr'>ὃν</span> <span class='ocrx_word' id='word_1_328' title='bbox 1219 431 1265 458; x_wconf 80' lang='grc' dir='ltr'>οὐκ</span> <span class='ocrx_word' id='word_1_329' title='bbox 1285 429 1399 467; x_wconf 79' lang='grc' dir='ltr'>ἐνόμιζεν</span> <span class='ocrx_word' id='word_1_330' title='bbox 1422 425 1487 458; x_wconf 67' lang='grc' dir='ltr'>εἶναι</span> <span class='ocrx_word' id='word_1_331' title='bbox 1506 429 1583 464; x_wconf 71' lang='grc' dir='ltr'>Θεὸν,</span> <span class='ocrx_word' id='word_1_332' title='bbox 1597 430 1642 457; x_wconf 82' lang='grc' dir='ltr'>οὐκ</span> <span class='ocrx_word' id='word_1_333' title='bbox 1654 428 1685 456; x_wconf 83' lang='grc' dir='ltr'>ἂν</span> <span class='ocrx_word' id='word_1_334' title='bbox 1705 427 1758 456; x_wconf 77' lang='grc' dir='ltr'>ἀπὸ</span> 
     </span>
     <span class='ocr_line' id='line_1_54' title="bbox 994 474 1758 514; baseline -0.003 -10"><span class='ocrx_word' id='word_1_335' title='bbox 994 478 1044 504; x_wconf 76' lang='grc' dir='ltr'>τῶν</span> <span class='ocrx_word' id='word_1_336' title='bbox 1067 477 1111 504; x_wconf 69' lang='grc' dir='ltr'>ὑπ’</span> <span class='ocrx_word' id='word_1_337' title='bbox 1129 475 1226 504; x_wconf 83' lang='grc' dir='ltr'>ἐκείνου</span> <span class='ocrx_word' id='word_1_338' title='bbox 1247 475 1390 514; x_wconf 78' lang='grc' dir='ltr'>γενομένων</span> <span class='ocrx_word' id='word_1_339' title='bbox 1404 475 1463 504; x_wconf 82' lang='grc' dir='ltr'>τότε</span> <span class='ocrx_word' id='word_1_340' title='bbox 1476 478 1546 513; x_wconf 69' lang='grc' dir='ltr'>ἡμᾶς</span> <span class='ocrx_word' id='word_1_341' title='bbox 1567 474 1702 513; x_wconf 63' lang='grc' dir='ltr'>ἐφόὸησεν,</span> <span class='ocrx_word' id='word_1_342' title='bbox 1722 475 1758 506; x_wconf 79' lang='grc' dir='ltr'>ὡς</span> 
     </span>
     <span class='ocr_line' id='line_1_55' title="bbox 995 520 1757 559; baseline -0.003 -9"><span class='ocrx_word' id='word_1_343' title='bbox 995 523 1030 554; x_wconf 87' lang='grc' dir='ltr'>εἷς</span> <span class='ocrx_word' id='word_1_344' title='bbox 1046 521 1092 554; x_wconf 79' lang='grc' dir='ltr'>τὰς</span> <span class='ocrx_word' id='word_1_345' title='bbox 1114 521 1210 550; x_wconf 81' lang='grc' dir='ltr'>ἐκείνου</span> <span class='ocrx_word' id='word_1_346' title='bbox 1234 522 1312 550; x_wconf 86' lang='grc' dir='ltr'>πάλιν</span> <span class='ocrx_word' id='word_1_347' title='bbox 1337 521 1478 559; x_wconf 85' lang='grc' dir='ltr'>μέλλοντας</span> <span class='ocrx_word' id='word_1_348' title='bbox 1499 520 1637 559; x_wconf 78' lang='grc' dir='ltr'>ἐμπίπτειν</span> <span class='ocrx_word' id='word_1_349' title='bbox 1658 524 1757 559; x_wconf 72' lang='grc' dir='ltr'>χεῖρας.</span> 
     </span>
     <span class='ocr_line' id='line_1_56' title="bbox 994 565 1758 605; baseline -0.004 -9"><span class='ocrx_word' id='word_1_350' title='bbox 994 569 1049 597; x_wconf 67' lang='lat' dir='ltr'>NJv</span> <span class='ocrx_word' id='word_1_351' title='bbox 1065 567 1091 596; x_wconf 72' lang='grc' dir='ltr'>δὲ</span> <span class='ocrx_word' id='word_1_352' title='bbox 1108 567 1223 603; x_wconf 76' lang='grc' dir='ltr'>δεικνὺς,</span> <span class='ocrx_word' id='word_1_353' title='bbox 1243 566 1283 595; x_wconf 71' lang='grc' dir='ltr'>ὅτι</span> <span class='ocrx_word' id='word_1_354' title='bbox 1302 568 1337 599; x_wconf 87' lang='grc' dir='ltr'>εἷς</span> <span class='ocrx_word' id='word_1_355' title='bbox 1351 566 1397 599; x_wconf 80' lang='grc' dir='ltr'>τὰς</span> <span class='ocrx_word' id='word_1_356' title='bbox 1417 566 1514 595; x_wconf 80' lang='grc' dir='ltr'>ἐκείνου</span> <span class='ocrx_word' id='word_1_357' title='bbox 1531 567 1660 605; x_wconf 80' lang='grc' dir='ltr'>μέλλομεν</span> <span class='ocrx_word' id='word_1_358' title='bbox 1675 565 1758 604; x_wconf 81' lang='grc' dir='ltr'>ἐμπί-</span> 
     </span>
     <span class='ocr_line' id='line_1_57' title="bbox 993 611 1759 651; baseline -0.004 -9"><span class='ocrx_word' id='word_1_359' title='bbox 993 625 1068 642; x_wconf 83' lang='grc' dir='ltr'>πτειν</span> <span class='ocrx_word' id='word_1_360' title='bbox 1089 613 1168 641; x_wconf 82' lang='grc' dir='ltr'>πάλιν</span> <span class='ocrx_word' id='word_1_361' title='bbox 1190 617 1298 651; x_wconf 81' lang='grc' dir='ltr'>χεῖρας,</span> <span class='ocrx_word' id='word_1_362' title='bbox 1325 612 1370 640; x_wconf 81' lang='grc' dir='ltr'>καὶ</span> <span class='ocrx_word' id='word_1_363' title='bbox 1385 612 1505 650; x_wconf 77' lang='grc' dir='ltr'>ἑκάτερος</span> <span class='ocrx_word' id='word_1_364' title='bbox 1519 614 1531 640; x_wconf 85' lang='grc' dir='ltr'>ὁ</span> <span class='ocrx_word' id='word_1_365' title='bbox 1545 611 1622 647; x_wconf 81' lang='grc' dir='ltr'>λαὸς,</span> <span class='ocrx_word' id='word_1_366' title='bbox 1641 613 1759 644; x_wconf 77' lang='grc' dir='ltr'>κάκεῖνος</span> 
     </span>
     <span class='ocr_line' id='line_1_58' title="bbox 993 654 1760 695; baseline -0.004 -8"><span class='ocrx_word' id='word_1_367' title='bbox 993 659 1039 687; x_wconf 77' lang='grc' dir='ltr'>καὶ</span> <span class='ocrx_word' id='word_1_368' title='bbox 1058 654 1145 694; x_wconf 58' lang='grc' dir='ltr'>οὗτος,</span> <span class='ocrx_word' id='word_1_369' title='bbox 1160 663 1212 690; x_wconf 80' lang='grc' dir='ltr'>τοῖς</span> <span class='ocrx_word' id='word_1_370' title='bbox 1227 657 1325 686; x_wconf 80' lang='grc' dir='ltr'>ἐκείνου</span> <span class='ocrx_word' id='word_1_371' title='bbox 1341 658 1496 686; x_wconf 74' lang='grc' dir='ltr'>διοικοῦνται</span> <span class='ocrx_word' id='word_1_372' title='bbox 1510 657 1613 695; x_wconf 83' lang='grc' dir='ltr'>νόμοις,</span> <span class='ocrx_word' id='word_1_373' title='bbox 1630 657 1760 694; x_wconf 80' lang='grc' dir='ltr'>ἀνέμνησε</span> 
     </span>
     <span class='ocr_line' id='line_1_59' title="bbox 994 699 1759 741; baseline -0.004 -8"><span class='ocrx_word' id='word_1_374' title='bbox 994 705 1098 733; x_wconf 82' lang='grc' dir='ltr'>πάντων</span> <span class='ocrx_word' id='word_1_375' title='bbox 1116 704 1219 732; x_wconf 76' lang='grc' dir='ltr'>ἐκείνων</span> <span class='ocrx_word' id='word_1_376' title='bbox 1232 726 1239 739; x_wconf 90' lang='grc'>,</span> <span class='ocrx_word' id='word_1_377' title='bbox 1254 704 1298 732; x_wconf 77' lang='grc' dir='ltr'>καὶ</span> <span class='ocrx_word' id='word_1_378' title='bbox 1310 699 1391 738; x_wconf 70' lang='grc' dir='ltr'>εἶπεν,</span> <span class='ocrx_word' id='word_1_379' title='bbox 1405 702 1445 732; x_wconf 77' lang='grc' dir='ltr'>ὅτι</span> <span class='ocrx_word' id='word_1_380' title='bbox 1458 702 1529 741; x_wconf 78' lang='grc' dir='ltr'>Πρὸς</span> <span class='ocrx_word' id='word_1_381' title='bbox 1540 702 1672 731; x_wconf 83' lang='grc' dir='ltr'>νουθεσίαν</span> <span class='ocrx_word' id='word_1_382' title='bbox 1683 704 1759 740; x_wconf 81' lang='grc' dir='ltr'>ἡμῶν</span> 
     </span>
     <span class='ocr_line' id='line_1_60' title="bbox 995 745 1760 789; baseline -0.004 -10"><span class='ocrx_word' id='word_1_383' title='bbox 995 750 1104 789; x_wconf 64' lang='grc' dir='ltr'>ἐγράφη.</span> <span class='ocrx_word' id='word_1_384' title='bbox 1128 751 1220 778; x_wconf 77' lang='grc' dir='ltr'>Ταῦτα</span> <span class='ocrx_word' id='word_1_385' title='bbox 1235 745 1278 777; x_wconf 61' lang='grc' dir='ltr'>οὖν</span> <span class='ocrx_word' id='word_1_386' title='bbox 1293 749 1388 781; x_wconf 77' lang='grc' dir='ltr'>εἰδότες</span> <span class='ocrx_word' id='word_1_387' title='bbox 1397 771 1404 784; x_wconf 86' lang='grc'>,</span> <span class='ocrx_word' id='word_1_388' title='bbox 1418 752 1471 781; x_wconf 86' lang='grc' dir='ltr'>τοῖς</span> <span class='ocrx_word' id='word_1_389' title='bbox 1486 759 1515 776; x_wconf 87' lang='grc' dir='ltr'>τε</span> <span class='ocrx_word' id='word_1_390' title='bbox 1527 748 1694 787; x_wconf 76' lang='grc' dir='ltr'>παρελθοῦσι,</span> <span class='ocrx_word' id='word_1_391' title='bbox 1707 752 1760 779; x_wconf 85' lang='grc' dir='ltr'>τοῖς</span> 
     </span>
     <span class='ocr_line' id='line_1_61' title="bbox 994 788 1760 834; baseline -0.005 -9"><span class='ocrx_word' id='word_1_392' title='bbox 994 808 1022 825; x_wconf 88' lang='grc' dir='ltr'>τε</span> <span class='ocrx_word' id='word_1_393' title='bbox 1045 796 1168 834; x_wconf 81' lang='grc' dir='ltr'>μέλλουσι</span> <span class='ocrx_word' id='word_1_394' title='bbox 1187 795 1360 833; x_wconf 79' lang='grc' dir='ltr'>πιστεύωμεν.</span> <span class='ocrx_word' id='word_1_395' title='bbox 1384 794 1430 823; x_wconf 86' lang='grc' dir='ltr'>Ἂν</span> <span class='ocrx_word' id='word_1_396' title='bbox 1451 794 1479 823; x_wconf 79' lang='grc' dir='ltr'>δέ</span> <span class='ocrx_word' id='word_1_397' title='bbox 1497 805 1563 826; x_wconf 84' lang='grc' dir='ltr'>τινες</span> <span class='ocrx_word' id='word_1_398' title='bbox 1579 788 1642 821; x_wconf 69' lang='grc' dir='ltr'>ὦσιν</span> <span class='ocrx_word' id='word_1_399' title='bbox 1663 795 1687 822; x_wconf 84' lang='grc' dir='ltr'>οἱ</span> <span class='ocrx_word' id='word_1_400' title='bbox 1707 797 1760 826; x_wconf 89' lang='grc' dir='ltr'>τοῖς</span> 
     </span>
     <span class='ocr_line' id='line_1_62' title="bbox 995 838 1762 879; baseline -0.005 -8"><span class='ocrx_word' id='word_1_401' title='bbox 995 842 1134 879; x_wconf 82' lang='grc' dir='ltr'>μέλλουσιν</span> <span class='ocrx_word' id='word_1_402' title='bbox 1160 842 1188 870; x_wconf 80' lang='grc' dir='ltr'>οὗ</span> <span class='ocrx_word' id='word_1_403' title='bbox 1212 840 1394 875; x_wconf 76' lang='grc' dir='ltr'>πιστεύοντες,</span> <span class='ocrx_word' id='word_1_404' title='bbox 1429 839 1481 868; x_wconf 78' lang='grc' dir='ltr'>ἀπὸ</span> <span class='ocrx_word' id='word_1_405' title='bbox 1504 841 1555 868; x_wconf 77' lang='grc' dir='ltr'>τῶν</span> <span class='ocrx_word' id='word_1_406' title='bbox 1579 838 1762 878; x_wconf 84' lang='grc' dir='ltr'>παρελθόντων</span> 
     </span>
     <span class='ocr_line' id='line_1_63' title="bbox 995 883 1759 925; baseline -0.005 -9"><span class='ocrx_word' id='word_1_407' title='bbox 995 887 1087 920; x_wconf 74' lang='grc' dir='ltr'>αὐτοὺς</span> <span class='ocrx_word' id='word_1_408' title='bbox 1110 887 1243 925; x_wconf 81' lang='grc' dir='ltr'>ἕνάγωμεν</span> <span class='ocrx_word' id='word_1_409' title='bbox 1267 886 1302 918; x_wconf 83' lang='grc' dir='ltr'>εἷς</span> <span class='ocrx_word' id='word_1_410' title='bbox 1321 885 1368 921; x_wconf 77' lang='grc' dir='ltr'>τὴν</span> <span class='ocrx_word' id='word_1_411' title='bbox 1387 888 1433 920; x_wconf 64' lang='grc' dir='ltr'>τῆς</span> <span class='ocrx_word' id='word_1_412' title='bbox 1450 887 1544 923; x_wconf 68' lang='grc' dir='ltr'>ἀρετῆς</span> <span class='ocrx_word' id='word_1_413' title='bbox 1561 884 1712 922; x_wconf 79' lang='grc' dir='ltr'>ἐπιμέλειαν</span> <span class='ocrx_word' id='word_1_414' title='bbox 1725 883 1759 912; x_wconf 84' lang='grc' dir='ltr'>τὰ</span> 
     </span>
     <span class='ocr_line' id='line_1_64' title="bbox 994 930 1757 970; baseline -0.005 -8"><span class='ocrx_word' id='word_1_415' title='bbox 994 933 1062 962; x_wconf 78' lang='grc' dir='ltr'>κατὰ</span> <span class='ocrx_word' id='word_1_416' title='bbox 1091 932 1150 965; x_wconf 73' lang='grc' dir='ltr'>τοὺς</span> <span class='ocrx_word' id='word_1_417' title='bbox 1175 931 1323 970; x_wconf 76' lang='grc' dir='ltr'>Σοδομίτας</span> <span class='ocrx_word' id='word_1_418' title='bbox 1351 931 1537 969; x_wconf 75' lang='grc' dir='ltr'>διηγούμενοι,</span> <span class='ocrx_word' id='word_1_419' title='bbox 1563 930 1595 958; x_wconf 77' lang='grc' dir='ltr'>τὰ</span> <span class='ocrx_word' id='word_1_420' title='bbox 1620 930 1689 959; x_wconf 87' lang='grc' dir='ltr'>κατὰ</span> <span class='ocrx_word' id='word_1_421' title='bbox 1713 931 1757 960; x_wconf 81' lang='grc' dir='ltr'>τὸν</span> 
     </span>
     <span class='ocr_line' id='line_1_65' title="bbox 994 976 1759 1016; baseline -0.004 -9"><span class='ocrx_word' id='word_1_422' title='bbox 994 978 1178 1016; x_wconf 82' lang='grc' dir='ltr'>κατακλυσμὸν</span> <span class='ocrx_word' id='word_1_423' title='bbox 1212 977 1343 1015; x_wconf 79' lang='grc' dir='ltr'>λέγοντες,</span> <span class='ocrx_word' id='word_1_424' title='bbox 1378 976 1427 1005; x_wconf 70' lang='grc' dir='ltr'>“τὰ</span> <span class='ocrx_word' id='word_1_425' title='bbox 1460 976 1528 1004; x_wconf 84' lang='grc' dir='ltr'>κατὰ</span> <span class='ocrx_word' id='word_1_426' title='bbox 1553 976 1600 1011; x_wconf 85' lang='grc' dir='ltr'>τὴν</span> <span class='ocrx_word' id='word_1_427' title='bbox 1626 976 1759 1015; x_wconf 84' lang='grc' dir='ltr'>Αἴγυπτον</span> 
     </span>
     <span class='ocr_line' id='line_1_66' title="bbox 994 1021 1760 1061; baseline -0.003 -9"><span class='ocrx_word' id='word_1_428' title='bbox 994 1024 1250 1061; x_wconf 75' lang='grc' dir='ltr'>ἀναμιμνήσκοντες,</span> <span class='ocrx_word' id='word_1_429' title='bbox 1282 1022 1324 1050; x_wconf 76' lang='grc' dir='ltr'>ἵνα</span> <span class='ocrx_word' id='word_1_430' title='bbox 1351 1027 1407 1055; x_wconf 84' lang='grc' dir='ltr'>ταῖς</span> <span class='ocrx_word' id='word_1_431' title='bbox 1429 1022 1522 1060; x_wconf 72' lang='grc' dir='ltr'>ἐτέρων</span> <span class='ocrx_word' id='word_1_432' title='bbox 1544 1021 1760 1060; x_wconf 79' lang='grc' dir='ltr'>σωφρονισθέντες</span> 
     </span>
     <span class='ocr_line' id='line_1_67' title="bbox 993 1066 1759 1106; baseline -0.005 -8"><span class='ocrx_word' id='word_1_433' title='bbox 993 1070 1133 1104; x_wconf 74' lang='grc' dir='ltr'>κολάσεσι,</span> <span class='ocrx_word' id='word_1_434' title='bbox 1157 1068 1202 1097; x_wconf 68' lang='grc' dir='ltr'>καὶ</span> <span class='ocrx_word' id='word_1_435' title='bbox 1227 1067 1281 1106; x_wconf 80' lang='grc' dir='ltr'>βίον</span> <span class='ocrx_word' id='word_1_436' title='bbox 1305 1068 1410 1105; x_wconf 80' lang='grc' dir='ltr'>ἄριστον</span> <span class='ocrx_word' id='word_1_437' title='bbox 1433 1066 1638 1105; x_wconf 79' lang='grc' dir='ltr'>ἐπιδειξάμενοι,</span> <span class='ocrx_word' id='word_1_438' title='bbox 1657 1066 1759 1096; x_wconf 76' lang='grc' dir='ltr'>καὶτὸν</span> 
     </span>
     <span class='ocr_line' id='line_1_68' title="bbox 993 1112 1759 1154; baseline -0.003 -11"><span class='ocrx_word' id='word_1_439' title='bbox 993 1115 1053 1154; x_wconf 75' lang='grc' dir='ltr'>περὶ</span> <span class='ocrx_word' id='word_1_440' title='bbox 1073 1116 1119 1148; x_wconf 72' lang='grc' dir='ltr'>τῆς</span> <span class='ocrx_word' id='word_1_441' title='bbox 1133 1113 1236 1151; x_wconf 78' lang='grc' dir='ltr'>γεέννης</span> <span class='ocrx_word' id='word_1_442' title='bbox 1255 1112 1300 1140; x_wconf 84' lang='grc' dir='ltr'>καὶ</span> <span class='ocrx_word' id='word_1_443' title='bbox 1321 1114 1367 1146; x_wconf 71' lang='grc' dir='ltr'>τῆς</span> <span class='ocrx_word' id='word_1_444' title='bbox 1390 1112 1556 1145; x_wconf 72' lang='grc' dir='ltr'>ἀναστάσεως</span> <span class='ocrx_word' id='word_1_445' title='bbox 1575 1112 1698 1145; x_wconf 77' lang='grc' dir='ltr'>δέξωνται</span> <span class='ocrx_word' id='word_1_446' title='bbox 1710 1112 1759 1141; x_wconf 92' lang='grc' dir='ltr'>λό-</span> 
     </span>
     <span class='ocr_line' id='line_1_69' title="bbox 993 1157 1759 1198; baseline -0.003 -10"><span class='ocrx_word' id='word_1_447' title='bbox 993 1171 1049 1198; x_wconf 86' lang='grc' dir='ltr'>γον.</span> <span class='ocrx_word' id='word_1_448' title='bbox 1083 1159 1161 1188; x_wconf 72' lang='grc' dir='ltr'>Ἐπεὶ</span> <span class='ocrx_word' id='word_1_449' title='bbox 1186 1158 1230 1187; x_wconf 83' lang='grc' dir='ltr'>καὶ</span> <span class='ocrx_word' id='word_1_450' title='bbox 1257 1161 1300 1186; x_wconf 76' lang='grc' dir='ltr'>νῦν</span> <span class='ocrx_word' id='word_1_451' title='bbox 1325 1157 1380 1187; x_wconf 75' lang='grc' dir='ltr'>ὅσοι</span> <span class='ocrx_word' id='word_1_452' title='bbox 1404 1159 1436 1195; x_wconf 73' lang='grc' dir='ltr'>τῇ</span> <span class='ocrx_word' id='word_1_453' title='bbox 1459 1157 1543 1197; x_wconf 84' lang='grc' dir='ltr'>κρίσει</span> <span class='ocrx_word' id='word_1_454' title='bbox 1570 1158 1759 1194; x_wconf 75' lang='grc' dir='ltr'>διαπιστοῦσιν,</span> 
     </span>
     <span class='ocr_line' id='line_1_70' title="bbox 995 1203 1760 1243; baseline -0.003 -9"><span class='ocrx_word' id='word_1_455' title='bbox 995 1204 1136 1243; x_wconf 66' lang='grc' dir='ltr'>οὐδαμόθεν</span> <span class='ocrx_word' id='word_1_456' title='bbox 1152 1203 1287 1243; x_wconf 74' lang='grc' dir='ltr'>ἑτέρωθεν,</span> <span class='ocrx_word' id='word_1_457' title='bbox 1303 1204 1359 1232; x_wconf 81' lang='grc' dir='ltr'>ἀλλ’</span> <span class='ocrx_word' id='word_1_458' title='bbox 1376 1203 1428 1231; x_wconf 83' lang='grc' dir='ltr'>ἀπὸ</span> <span class='ocrx_word' id='word_1_459' title='bbox 1445 1203 1501 1241; x_wconf 82' lang='grc' dir='ltr'>βίου</span> <span class='ocrx_word' id='word_1_460' title='bbox 1515 1203 1699 1242; x_wconf 69' lang='grc' dir='ltr'>διεφθαρμένου</span> <span class='ocrx_word' id='word_1_461' title='bbox 1713 1203 1760 1232; x_wconf 79' lang='grc' dir='ltr'>καὶ</span> 
     </span>
     <span class='ocr_line' id='line_1_71' title="bbox 994 1247 1760 1290; baseline -0.003 -11"><span class='ocrx_word' id='word_1_462' title='bbox 994 1252 1108 1290; x_wconf 71' lang='grc' dir='ltr'>πονηροῦ</span> <span class='ocrx_word' id='word_1_463' title='bbox 1123 1249 1266 1282; x_wconf 83' lang='grc' dir='ltr'>συνειδότος</span> <span class='ocrx_word' id='word_1_464' title='bbox 1284 1251 1360 1278; x_wconf 78' lang='grc' dir='ltr'>τοῦτο</span> <span class='ocrx_word' id='word_1_465' title='bbox 1373 1249 1529 1287; x_wconf 78' lang='grc' dir='ltr'>πάσχουσιν.</span> <span class='ocrx_word' id='word_1_466' title='bbox 1553 1247 1639 1277; x_wconf 62' lang='lat' dir='ltr'>“ssot-5</span> <span class='ocrx_word' id='word_1_467' title='bbox 1653 1249 1697 1277; x_wconf 79' lang='grc' dir='ltr'>ἐὰν</span> <span class='ocrx_word' id='word_1_468' title='bbox 1714 1250 1760 1277; x_wconf 79' lang='grc' dir='ltr'>ἔκ-</span> 
     </span>
     <span class='ocr_line' id='line_1_72' title="bbox 994 1294 1761 1334; baseline -0.001 -10"><span class='ocrx_word' id='word_1_469' title='bbox 994 1295 1150 1334; x_wconf 85' lang='grc' dir='ltr'>καθάρωμεν</span> <span class='ocrx_word' id='word_1_470' title='bbox 1174 1296 1271 1324; x_wconf 77' lang='grc' dir='ltr'>ἑαυτῶν</span> <span class='ocrx_word' id='word_1_471' title='bbox 1289 1294 1335 1327; x_wconf 83' lang='grc' dir='ltr'>τὰς</span> <span class='ocrx_word' id='word_1_472' title='bbox 1347 1294 1477 1333; x_wconf 81' lang='grc' dir='ltr'>ἁμαρτίας</span> <span class='ocrx_word' id='word_1_473' title='bbox 1487 1316 1494 1330; x_wconf 87' lang='grc'>,</span> <span class='ocrx_word' id='word_1_474' title='bbox 1509 1294 1554 1323; x_wconf 85' lang='grc' dir='ltr'>καὶ</span> <span class='ocrx_word' id='word_1_475' title='bbox 1569 1295 1607 1333; x_wconf 77' lang='grc' dir='ltr'>τῷ</span> <span class='ocrx_word' id='word_1_476' title='bbox 1622 1294 1694 1334; x_wconf 69' lang='grc' dir='ltr'>φόὸῳ</span> <span class='ocrx_word' id='word_1_477' title='bbox 1708 1296 1761 1323; x_wconf 78' lang='grc' dir='ltr'>τῶν</span> 
     </span>
     <span class='ocr_line' id='line_1_73' title="bbox 994 1339 1760 1380; baseline -0.004 -10"><span class='ocrx_word' id='word_1_478' title='bbox 994 1341 1175 1380; x_wconf 83' lang='grc' dir='ltr'>παρελθόντων</span> <span class='ocrx_word' id='word_1_479' title='bbox 1197 1339 1393 1378; x_wconf 75' lang='grc' dir='ltr'>παιδεύσωμεν,</span> <span class='ocrx_word' id='word_1_480' title='bbox 1413 1340 1457 1368; x_wconf 82' lang='grc' dir='ltr'>καὶ</span> <span class='ocrx_word' id='word_1_481' title='bbox 1473 1339 1533 1378; x_wconf 81' lang='grc' dir='ltr'>περὶ</span> <span class='ocrx_word' id='word_1_482' title='bbox 1549 1341 1600 1367; x_wconf 84' lang='grc' dir='ltr'>τῶν</span> <span class='ocrx_word' id='word_1_483' title='bbox 1612 1339 1760 1377; x_wconf 79' lang='grc' dir='ltr'>μελλόντων</span> 
     </span>
     <span class='ocr_line' id='line_1_74' title="bbox 994 1384 1760 1424; baseline -0.004 -9"><span class='ocrx_word' id='word_1_484' title='bbox 994 1386 1118 1424; x_wconf 79' lang='grc' dir='ltr'>πείσομεν</span> <span class='ocrx_word' id='word_1_485' title='bbox 1139 1385 1260 1418; x_wconf 83' lang='grc' dir='ltr'>δέξασθαι</span> <span class='ocrx_word' id='word_1_486' title='bbox 1283 1385 1368 1423; x_wconf 80' lang='grc' dir='ltr'>λόγον.</span> <span class='ocrx_word' id='word_1_487' title='bbox 1393 1384 1498 1424; x_wconf 60' lang='lat' dir='ltr'>“sse-nep</span> <span class='ocrx_word' id='word_1_488' title='bbox 1516 1384 1566 1424; x_wconf 86' lang='grc' dir='ltr'>γὰρ</span> <span class='ocrx_word' id='word_1_489' title='bbox 1580 1384 1698 1423; x_wconf 82' lang='grc' dir='ltr'>δόγματα</span> <span class='ocrx_word' id='word_1_490' title='bbox 1712 1396 1760 1414; x_wconf 82' lang='grc' dir='ltr'>πο-</span> 
     </span>
     <span class='ocr_line' id='line_1_75' title="bbox 995 1429 1758 1471; baseline -0.003 -10"><span class='ocrx_word' id='word_1_491' title='bbox 995 1432 1061 1471; x_wconf 81' lang='grc' dir='ltr'>νηρὰ</span> <span class='ocrx_word' id='word_1_492' title='bbox 1082 1432 1137 1470; x_wconf 86' lang='grc' dir='ltr'>βίον</span> <span class='ocrx_word' id='word_1_493' title='bbox 1152 1431 1299 1470; x_wconf 79' lang='grc' dir='ltr'>ἀκάθαρτον</span> <span class='ocrx_word' id='word_1_494' title='bbox 1316 1430 1428 1468; x_wconf 83' lang='grc' dir='ltr'>εἰσάγειν</span> <span class='ocrx_word' id='word_1_495' title='bbox 1444 1430 1540 1466; x_wconf 82' lang='grc' dir='ltr'>εἴωθεν,</span> <span class='ocrx_word' id='word_1_496' title='bbox 1557 1429 1624 1458; x_wconf 77' lang='grc' dir='ltr'>οὕτω</span> <span class='ocrx_word' id='word_1_497' title='bbox 1645 1430 1690 1459; x_wconf 78' lang='grc' dir='ltr'>καὶ</span> <span class='ocrx_word' id='word_1_498' title='bbox 1705 1431 1758 1459; x_wconf 78' lang='grc' dir='ltr'>διε-</span> 
     </span>
     <span class='ocr_line' id='line_1_76' title="bbox 995 1475 1760 1517; baseline -0.001 -12"><span class='ocrx_word' id='word_1_499' title='bbox 995 1477 1140 1517; x_wconf 76' lang='grc' dir='ltr'>φθαρμένος</span> <span class='ocrx_word' id='word_1_500' title='bbox 1162 1476 1216 1514; x_wconf 84' lang='grc' dir='ltr'>βίος</span> <span class='ocrx_word' id='word_1_501' title='bbox 1230 1476 1357 1514; x_wconf 79' lang='grc' dir='ltr'>πονηρίαν</span> <span class='ocrx_word' id='word_1_502' title='bbox 1373 1475 1511 1514; x_wconf 76' lang='grc' dir='ltr'>δογμάτων</span> <span class='ocrx_word' id='word_1_503' title='bbox 1524 1475 1650 1508; x_wconf 62' lang='grc' dir='ltr'>πολλάκις</span> <span class='ocrx_word' id='word_1_504' title='bbox 1664 1475 1760 1504; x_wconf 83' lang='grc' dir='ltr'>ἔτεκεν.</span> 
     </span>
     <span class='ocr_line' id='line_1_77' title="bbox 994 1520 1760 1561; baseline -0.003 -10"><span class='ocrx_word' id='word_1_505' title='bbox 994 1522 1084 1561; x_wconf 72' lang='grc' dir='ltr'>”()περ</span> <span class='ocrx_word' id='word_1_506' title='bbox 1108 1521 1149 1550; x_wconf 73' lang='grc' dir='ltr'>ἵνα</span> <span class='ocrx_word' id='word_1_507' title='bbox 1171 1521 1207 1559; x_wconf 88' lang='grc' dir='ltr'>μὴ</span> <span class='ocrx_word' id='word_1_508' title='bbox 1232 1521 1354 1559; x_wconf 75' lang='grc' dir='ltr'>γένηται,</span> <span class='ocrx_word' id='word_1_509' title='bbox 1380 1520 1424 1548; x_wconf 77' lang='grc' dir='ltr'>καὶ</span> <span class='ocrx_word' id='word_1_510' title='bbox 1439 1522 1502 1558; x_wconf 67' lang='grc' dir='ltr'>’ἡμῖν</span> <span class='ocrx_word' id='word_1_511' title='bbox 1520 1522 1622 1553; x_wconf 70' lang='grc' dir='ltr'>αὐτοῖς,</span> <span class='ocrx_word' id='word_1_512' title='bbox 1647 1521 1690 1549; x_wconf 81' lang='grc' dir='ltr'>καὶ</span> <span class='ocrx_word' id='word_1_513' title='bbox 1707 1525 1760 1554; x_wconf 90' lang='grc' dir='ltr'>τοῖς</span> 
     </span>
     <span class='ocr_line' id='line_1_78' title="bbox 995 1565 1760 1606; baseline 0 -11"><span class='ocrx_word' id='word_1_514' title='bbox 995 1567 1082 1599; x_wconf 79' lang='grc' dir='ltr'>ἄλλοις</span> <span class='ocrx_word' id='word_1_515' title='bbox 1096 1570 1177 1596; x_wconf 74' lang='grc' dir='ltr'>ταῦτα</span> <span class='ocrx_word' id='word_1_516' title='bbox 1192 1565 1381 1605; x_wconf 69' lang='grc' dir='ltr'>κατεπᾴδοντες</span> <span class='ocrx_word' id='word_1_517' title='bbox 1392 1565 1425 1594; x_wconf 85' lang='grc' dir='ltr'>τὰ</span> <span class='ocrx_word' id='word_1_518' title='bbox 1438 1565 1543 1604; x_wconf 80' lang='grc' dir='ltr'>ῥήματα</span> <span class='ocrx_word' id='word_1_519' title='bbox 1555 1588 1561 1600; x_wconf 86' lang='lat'>,</span> <span class='ocrx_word' id='word_1_520' title='bbox 1577 1566 1624 1600; x_wconf 75' lang='grc' dir='ltr'>τήν</span> <span class='ocrx_word' id='word_1_521' title='bbox 1638 1577 1666 1594; x_wconf 88' lang='grc' dir='ltr'>τε</span> <span class='ocrx_word' id='word_1_522' title='bbox 1681 1566 1760 1606; x_wconf 82' lang='grc' dir='ltr'>ὀρθὴν</span> 
     </span>
     <span class='ocr_line' id='line_1_79' title="bbox 995 1611 1760 1650; baseline -0.001 -9"><span class='ocrx_word' id='word_1_523' title='bbox 995 1612 1082 1641; x_wconf 85' lang='grc' dir='ltr'>πίστιν</span> <span class='ocrx_word' id='word_1_524' title='bbox 1107 1611 1270 1650; x_wconf 77' lang='grc' dir='ltr'>διαμένωμεν</span> <span class='ocrx_word' id='word_1_525' title='bbox 1292 1611 1411 1650; x_wconf 75' lang='grc' dir='ltr'>ἔχοντες,</span> <span class='ocrx_word' id='word_1_526' title='bbox 1429 1611 1474 1639; x_wconf 86' lang='grc' dir='ltr'>καὶ</span> <span class='ocrx_word' id='word_1_527' title='bbox 1495 1611 1627 1639; x_wconf 86' lang='grc' dir='ltr'>πολιτείαν</span> <span class='ocrx_word' id='word_1_528' title='bbox 1651 1611 1760 1650; x_wconf 80' lang='grc' dir='ltr'>ἀρίστην</span> 
     </span>
     <span class='ocr_line' id='line_1_80' title="bbox 996 1657 1760 1696; baseline -0.001 -9"><span class='ocrx_word' id='word_1_529' title='bbox 996 1658 1198 1696; x_wconf 78' lang='grc' dir='ltr'>ἐπιδειξώμεθα,</span> <span class='ocrx_word' id='word_1_530' title='bbox 1216 1657 1305 1693; x_wconf 78' lang='grc' dir='ltr'>ἐπειδὴ</span> <span class='ocrx_word' id='word_1_531' title='bbox 1329 1657 1487 1696; x_wconf 73' lang='grc' dir='ltr'>πανταχόθεν</span> <span class='ocrx_word' id='word_1_532' title='bbox 1500 1659 1564 1695; x_wconf 79' lang='grc' dir='ltr'>ἡμῖν</span> <span class='ocrx_word' id='word_1_533' title='bbox 1578 1660 1591 1685; x_wconf 85' lang='grc' dir='ltr'>ὁ</span> <span class='ocrx_word' id='word_1_534' title='bbox 1609 1657 1684 1696; x_wconf 89' lang='grc' dir='ltr'>λόγος</span> <span class='ocrx_word' id='word_1_535' title='bbox 1697 1658 1760 1687; x_wconf 62' lang='grc' dir='ltr'>ἀπί-</span> 
     </span>
     <span class='ocr_line' id='line_1_81' title="bbox 997 1703 1761 1744; baseline -0.001 -12"><span class='ocrx_word' id='word_1_536' title='bbox 997 1704 1085 1740; x_wconf 76' lang='grc' dir='ltr'>δειξεν,</span> <span class='ocrx_word' id='word_1_537' title='bbox 1108 1704 1149 1732; x_wconf 82' lang='grc' dir='ltr'>ὅτι</span> <span class='ocrx_word' id='word_1_538' title='bbox 1170 1704 1267 1738; x_wconf 72' lang='grc' dir='ltr'>ταύτης</span> <span class='ocrx_word' id='word_1_539' title='bbox 1289 1703 1370 1742; x_wconf 77' lang='grc' dir='ltr'>χωρὶς</span> <span class='ocrx_word' id='word_1_540' title='bbox 1392 1703 1463 1732; x_wconf 78' lang='grc' dir='ltr'>οὐδὲν</span> <span class='ocrx_word' id='word_1_541' title='bbox 1486 1703 1575 1742; x_wconf 73' lang='grc' dir='ltr'>ὄφελος</span> <span class='ocrx_word' id='word_1_542' title='bbox 1593 1706 1655 1741; x_wconf 85' lang='grc' dir='ltr'>ἡμῖν</span> <span class='ocrx_word' id='word_1_543' title='bbox 1678 1705 1761 1744; x_wconf 78' lang='grc' dir='ltr'>ὀρθῶν</span> 
     </span>
     <span class='ocr_line' id='line_1_82' title="bbox 998 1749 1758 1788; baseline -0.001 -10"><span class='ocrx_word' id='word_1_544' title='bbox 998 1750 1145 1788; x_wconf 80' lang='grc' dir='ltr'>δογμάτων.</span> <span class='ocrx_word' id='word_1_545' title='bbox 1169 1751 1190 1778; x_wconf 87' lang='grc' dir='ltr'><strong>Γ</strong></span> <span class='ocrx_word' id='word_1_546' title='bbox 1193 1749 1274 1778; x_wconf 82' lang='grc' dir='ltr'>ένοιτο</span> <span class='ocrx_word' id='word_1_547' title='bbox 1297 1749 1323 1777; x_wconf 77' lang='grc' dir='ltr'>δὲ</span> <span class='ocrx_word' id='word_1_548' title='bbox 1347 1751 1434 1788; x_wconf 69' lang='grc' dir='ltr'>εὐχαῖς</span> <span class='ocrx_word' id='word_1_549' title='bbox 1457 1751 1508 1777; x_wconf 81' lang='grc' dir='ltr'>τῶν</span> <span class='ocrx_word' id='word_1_550' title='bbox 1530 1749 1620 1787; x_wconf 76' lang='grc' dir='ltr'>ἁγίων,</span> <span class='ocrx_word' id='word_1_551' title='bbox 1643 1749 1688 1778; x_wconf 84' lang='grc' dir='ltr'>καὶ</span> <span class='ocrx_word' id='word_1_552' title='bbox 1707 1751 1758 1777; x_wconf 76' lang='grc' dir='ltr'>τῶν</span> 
     </span>
     <span class='ocr_line' id='line_1_83' title="bbox 997 1794 1762 1834; baseline 0 -11"><span class='ocrx_word' id='word_1_553' title='bbox 997 1795 1129 1834; x_wconf 75' lang='grc' dir='ltr'>προέδρων</span> <span class='ocrx_word' id='word_1_554' title='bbox 1148 1794 1280 1830; x_wconf 82' lang='grc' dir='ltr'>ἁπάντων,</span> <span class='ocrx_word' id='word_1_555' title='bbox 1300 1794 1346 1829; x_wconf 78' lang='grc' dir='ltr'>τῆν</span> <span class='ocrx_word' id='word_1_556' title='bbox 1365 1806 1394 1823; x_wconf 87' lang='grc' dir='ltr'>τε</span> <span class='ocrx_word' id='word_1_557' title='bbox 1407 1795 1534 1833; x_wconf 81' lang='grc' dir='ltr'>ὀρθότητα</span> <span class='ocrx_word' id='word_1_558' title='bbox 1547 1797 1598 1823; x_wconf 84' lang='grc' dir='ltr'>τῶν</span> <span class='ocrx_word' id='word_1_559' title='bbox 1613 1795 1762 1834; x_wconf 63' lang='grc' dir='ltr'>δογμάτων,</span> 
     </span>
     <span class='ocr_line' id='line_1_84' title="bbox 998 1840 1760 1880; baseline -0.001 -11"><span class='ocrx_word' id='word_1_560' title='bbox 998 1841 1029 1875; x_wconf 77' lang='grc' dir='ltr'>ἣν</span> <span class='ocrx_word' id='word_1_561' title='bbox 1046 1841 1142 1869; x_wconf 83' lang='grc' dir='ltr'>ἄνωθεν</span> <span class='ocrx_word' id='word_1_562' title='bbox 1158 1840 1203 1868; x_wconf 80' lang='grc' dir='ltr'>καὶ</span> <span class='ocrx_word' id='word_1_563' title='bbox 1226 1841 1256 1868; x_wconf 80' lang='grc' dir='ltr'>ἐκ</span> <span class='ocrx_word' id='word_1_564' title='bbox 1276 1840 1409 1878; x_wconf 83' lang='grc' dir='ltr'>προγόνων</span> <span class='ocrx_word' id='word_1_565' title='bbox 1424 1840 1618 1880; x_wconf 67' lang='grc' dir='ltr'>παρελάὸομεν,</span> <span class='ocrx_word' id='word_1_566' title='bbox 1640 1840 1760 1880; x_wconf 79' lang='grc' dir='ltr'>ἀκέραιον</span> 
     </span>
     <span class='ocr_line' id='line_1_85' title="bbox 998 1885 1762 1924; baseline 0 -10"><span class='ocrx_word' id='word_1_567' title='bbox 998 1887 1170 1924; x_wconf 63' lang='grc' dir='ltr'>διατηρῆσαι,</span> <span class='ocrx_word' id='word_1_568' title='bbox 1194 1885 1238 1913; x_wconf 77' lang='grc' dir='ltr'>καὶ</span> <span class='ocrx_word' id='word_1_569' title='bbox 1260 1885 1313 1924; x_wconf 83' lang='grc' dir='ltr'>βίον</span> <span class='ocrx_word' id='word_1_570' title='bbox 1331 1887 1396 1923; x_wconf 77' lang='grc' dir='ltr'>αὐτῇ</span> <span class='ocrx_word' id='word_1_571' title='bbox 1413 1885 1589 1923; x_wconf 68' lang='grc' dir='ltr'>συμδαίνοντα</span> <span class='ocrx_word' id='word_1_572' title='bbox 1602 1889 1762 1924; x_wconf 82' lang='grc' dir='ltr'>προσθεῖναι,</span> 
     </span>
     <span class='ocr_line' id='line_1_86' title="bbox 996 1930 1764 1971; baseline 0 -11"><span class='ocrx_word' id='word_1_573' title='bbox 996 1932 1039 1960; x_wconf 76' lang='grc' dir='ltr'>ἵνα</span> <span class='ocrx_word' id='word_1_574' title='bbox 1060 1933 1111 1959; x_wconf 79' lang='grc' dir='ltr'>τῶν</span> <span class='ocrx_word' id='word_1_575' title='bbox 1133 1930 1334 1970; x_wconf 68' lang='grc' dir='ltr'>ἐπηγγελμένων</span> <span class='ocrx_word' id='word_1_576' title='bbox 1359 1932 1461 1970; x_wconf 77' lang='grc' dir='ltr'>ἀγαθῶν</span> <span class='ocrx_word' id='word_1_577' title='bbox 1480 1931 1655 1970; x_wconf 76' lang='grc' dir='ltr'>ἐπιτύχωμεν,</span> <span class='ocrx_word' id='word_1_578' title='bbox 1672 1932 1764 1971; x_wconf 80' lang='grc' dir='ltr'>χάριτι</span> 
     </span>
     <span class='ocr_line' id='line_1_87' title="bbox 997 1976 1762 2016; baseline 0 -11"><span class='ocrx_word' id='word_1_579' title='bbox 997 1977 1041 2005; x_wconf 76' lang='grc' dir='ltr'>καὶ</span> <span class='ocrx_word' id='word_1_580' title='bbox 1065 1976 1247 2016; x_wconf 76' lang='grc' dir='ltr'>φιλανθρωπίᾳ</span> <span class='ocrx_word' id='word_1_581' title='bbox 1271 1979 1315 2005; x_wconf 72' lang='grc' dir='ltr'>τοῦ</span> <span class='ocrx_word' id='word_1_582' title='bbox 1333 1976 1429 2016; x_wconf 79' lang='grc' dir='ltr'>Κυρίου</span> <span class='ocrx_word' id='word_1_583' title='bbox 1443 1978 1518 2014; x_wconf 81' lang='grc' dir='ltr'>ἡμῶν</span> <span class='ocrx_word' id='word_1_584' title='bbox 1533 1976 1619 2012; x_wconf 79' lang='grc' dir='ltr'>Ἰησοῦ</span> <span class='ocrx_word' id='word_1_585' title='bbox 1638 1977 1762 2015; x_wconf 72' lang='grc' dir='ltr'>Χριστοῦ,</span> 
     </span>
     <span class='ocr_line' id='line_1_88' title="bbox 998 2019 1763 2062; baseline 0 -11"><span class='ocrx_word' id='word_1_586' title='bbox 998 2025 1054 2060; x_wconf 85' lang='grc' dir='ltr'>μεθ’</span> <span class='ocrx_word' id='word_1_587' title='bbox 1078 2019 1106 2051; x_wconf 76' lang='grc' dir='ltr'>οῧ</span> <span class='ocrx_word' id='word_1_588' title='bbox 1128 2025 1166 2061; x_wconf 78' lang='grc' dir='ltr'>τῷ</span> <span class='ocrx_word' id='word_1_589' title='bbox 1188 2022 1290 2061; x_wconf 79' lang='grc' dir='ltr'>Πατρὶ,</span> <span class='ocrx_word' id='word_1_590' title='bbox 1311 2023 1366 2060; x_wconf 81' lang='grc' dir='ltr'>ἅμα</span> <span class='ocrx_word' id='word_1_591' title='bbox 1388 2024 1426 2061; x_wconf 79' lang='grc' dir='ltr'>τῷ</span> <span class='ocrx_word' id='word_1_592' title='bbox 1449 2022 1515 2062; x_wconf 81' lang='grc' dir='ltr'>ἁγίῳ</span> <span class='ocrx_word' id='word_1_593' title='bbox 1531 2022 1677 2060; x_wconf 81' lang='grc' dir='ltr'>Πνεύματι,</span> <span class='ocrx_word' id='word_1_594' title='bbox 1693 2022 1763 2057; x_wconf 82' lang='grc' dir='ltr'>δόξα,</span> 
     </span>
     <span class='ocr_line' id='line_1_89' title="bbox 998 2066 1763 2107; baseline 0 -11"><span class='ocrx_word' id='word_1_595' title='bbox 998 2068 1107 2107; x_wconf 81' lang='grc' dir='ltr'>κράτος,</span> <span class='ocrx_word' id='word_1_596' title='bbox 1131 2067 1213 2106; x_wconf 83' lang='grc' dir='ltr'>τιμὴ,</span> <span class='ocrx_word' id='word_1_597' title='bbox 1238 2071 1281 2096; x_wconf 82' lang='grc' dir='ltr'>ν’ῢν</span> <span class='ocrx_word' id='word_1_598' title='bbox 1298 2067 1342 2096; x_wconf 80' lang='grc' dir='ltr'>καὶ</span> <span class='ocrx_word' id='word_1_599' title='bbox 1355 2067 1409 2105; x_wconf 79' lang='grc' dir='ltr'>ἀεὶ,</span> <span class='ocrx_word' id='word_1_600' title='bbox 1424 2069 1468 2096; x_wconf 87' lang='grc' dir='ltr'>καὶ</span> <span class='ocrx_word' id='word_1_601' title='bbox 1482 2069 1518 2100; x_wconf 83' lang='grc' dir='ltr'>εἷς</span> <span class='ocrx_word' id='word_1_602' title='bbox 1531 2066 1588 2099; x_wconf 69' lang='grc' dir='ltr'>τοὺς</span> <span class='ocrx_word' id='word_1_603' title='bbox 1604 2069 1698 2100; x_wconf 84' lang='grc' dir='ltr'>αἰῶνας</span> <span class='ocrx_word' id='word_1_604' title='bbox 1712 2069 1763 2096; x_wconf 83' lang='grc' dir='ltr'>τῶν</span> 
     </span>
     <span class='ocr_line' id='line_1_90' title="bbox 1000 2112 1216 2151; baseline -0.005 -9"><span class='ocrx_word' id='word_1_605' title='bbox 1000 2113 1109 2142; x_wconf 74' lang='grc' dir='ltr'>αἰώνων.</span> <span class='ocrx_word' id='word_1_606' title='bbox 1125 2112 1216 2151; x_wconf 76' lang='grc' dir='ltr'>Ἀμήν.</span> 
     </span>
    </p>
   </div>
   <div class='ocr_carea' id='block_1_9' title="bbox 830 2340 1161 2356">
    <p class='ocr_par' dir='ltr' id='par_1_9' title="bbox 830 2340 1161 2356">
     <span class='ocr_line' id='line_1_91' title="bbox 830 2340 1161 2356; baseline -0.003 -2"><span class='ocrx_word' id='word_1_607' title='bbox 830 2340 1161 2356; x_wconf 37' lang='lat' dir='ltr'>*000oe-</span> 
     </span>
    </p>
   </div>
  </div>
 </body>
</html>
