<?xml version="1.0" encoding="UTF-8"?>
<!DOCTYPE html PUBLIC "-//W3C//DTD XHTML 1.0 Transitional//EN"
    "http://www.w3.org/TR/xhtml1/DTD/xhtml1-transitional.dtd">
<html xmlns="http://www.w3.org/1999/xhtml" xml:lang="en" lang="en">
 <head>
  <title>
</title>
<meta http-equiv="Content-Type" content="text/html;charset=utf-8" />
  <meta name='ocr-system' content='tesseract 3.04.00' />
  <meta name='ocr-capabilities' content='ocr_page ocr_carea ocr_par ocr_line ocrx_word'/>
</head>
<body>
  <div class='ocr_page' id='page_1' title='image "./operaomniaquaeex03johnuoft/operaomniaquaeex03johnuoft_0328.png"; bbox 0 0 1843 2810; ppageno 0'>
   <div class='ocr_carea' id='block_1_1' title="bbox 69 777 128 799">
    <p class='ocr_par' dir='ltr' id='par_1_1' title="bbox 69 777 128 799">
     <span class='ocr_line' id='line_1_1' title="bbox 69 777 128 799; baseline 0 -1"><span class='ocrx_word' id='word_1_1' title='bbox 69 777 128 799; x_wconf 82' lang='lat' dir='ltr'>Ibid.</span> 
     </span>
    </p>
   </div>
   <div class='ocr_carea' id='block_1_2' title="bbox 219 152 919 187">
    <p class='ocr_par' dir='ltr' id='par_1_2' title="bbox 219 152 919 187">
     <span class='ocr_line' id='line_1_2' title="bbox 219 152 919 187; baseline 0.003 -2"><span class='ocrx_word' id='word_1_2' title='bbox 219 152 286 185; x_wconf 74' lang='lat'>306</span> <span class='ocrx_word' id='word_1_3' title='bbox 517 164 546 186; x_wconf 88' lang='lat' dir='ltr'>s.</span> <span class='ocrx_word' id='word_1_4' title='bbox 574 163 712 187; x_wconf 64' lang='lat' dir='ltr'>Joanms</span> <span class='ocrx_word' id='word_1_5' title='bbox 739 164 919 187; x_wconf 68' lang='lat' dir='ltr'>cnnrsosr.</span> 
     </span>
    </p>
   </div>
   <div class='ocr_carea' id='block_1_3' title="bbox 212 224 973 2494">
    <p class='ocr_par' dir='ltr' id='par_1_3' title="bbox 212 224 973 2494">
     <span class='ocr_line' id='line_1_3' title="bbox 216 224 928 264; baseline 0.003 -12"><span class='ocrx_word' id='word_1_6' title='bbox 216 225 285 253; x_wconf 91' lang='lat' dir='ltr'>dunt</span> <span class='ocrx_word' id='word_1_7' title='bbox 297 224 376 253; x_wconf 76' lang='lat' dir='ltr'>suas?</span> <span class='ocrx_word' id='word_1_8' title='bbox 391 224 464 257; x_wconf 78' lang='lat' dir='ltr'>Vide</span> <span class='ocrx_word' id='word_1_9' title='bbox 477 225 556 254; x_wconf 86' lang='lat' dir='ltr'>etiam</span> <span class='ocrx_word' id='word_1_10' title='bbox 569 237 621 264; x_wconf 85' lang='lat' dir='ltr'>qua</span> <span class='ocrx_word' id='word_1_11' title='bbox 646 226 748 255; x_wconf 84' lang='lat' dir='ltr'>ratione</span> <span class='ocrx_word' id='word_1_12' title='bbox 770 226 811 255; x_wconf 85' lang='lat' dir='ltr'>sui</span> <span class='ocrx_word' id='word_1_13' title='bbox 827 226 928 264; x_wconf 86' lang='lat' dir='ltr'>ubique</span> 
     </span>
     <span class='ocr_line' id='line_1_4' title="bbox 220 270 927 310; baseline 0.003 -12"><span class='ocrx_word' id='word_1_14' title='bbox 220 270 380 298; x_wconf 82' lang='lat' dir='ltr'>mentionem</span> <span class='ocrx_word' id='word_1_15' title='bbox 398 271 485 307; x_wconf 80' lang='lat' dir='ltr'>saciat,</span> <span class='ocrx_word' id='word_1_16' title='bbox 507 282 591 309; x_wconf 83' lang='lat' dir='ltr'>neque</span> <span class='ocrx_word' id='word_1_17' title='bbox 612 272 717 310; x_wconf 88' lang='lat' dir='ltr'>uspiam</span> <span class='ocrx_word' id='word_1_18' title='bbox 731 272 906 300; x_wconf 78' lang='lat' dir='ltr'>obliviscatur</span> <span class='ocrx_word' id='word_1_19' title='bbox 921 284 927 299; x_wconf 89' lang='lat'>:</span> 
     </span>
     <span class='ocr_line' id='line_1_5' title="bbox 217 317 929 356; baseline 0.003 -12"><span class='ocrx_word' id='word_1_20' title='bbox 217 327 302 354; x_wconf 88' lang='lat' dir='ltr'>neque</span> <span class='ocrx_word' id='word_1_21' title='bbox 315 317 385 345; x_wconf 86' lang='lat' dir='ltr'>enim</span> <span class='ocrx_word' id='word_1_22' title='bbox 401 317 446 345; x_wconf 87' lang='lat' dir='ltr'>hic</span> <span class='ocrx_word' id='word_1_23' title='bbox 466 318 621 346; x_wconf 86' lang='lat' dir='ltr'>mandatum</span> <span class='ocrx_word' id='word_1_24' title='bbox 644 325 721 347; x_wconf 77' lang='lat' dir='ltr'>vocat</span> <span class='ocrx_word' id='word_1_25' title='bbox 746 318 823 353; x_wconf 85' lang='lat' dir='ltr'>illud,</span> <span class='ocrx_word' id='word_1_26' title='bbox 847 329 929 356; x_wconf 83' lang='lat' dir='ltr'>neque</span> 
     </span>
     <span class='ocr_line' id='line_1_6' title="bbox 215 362 929 401; baseline 0.003 -11"><span class='ocrx_word' id='word_1_27' title='bbox 215 362 420 401; x_wconf 75' lang='lat' dir='ltr'>eleemosynam,</span> <span class='ocrx_word' id='word_1_28' title='bbox 443 363 488 391; x_wconf 76' lang='lat' dir='ltr'>sed</span> <span class='ocrx_word' id='word_1_29' title='bbox 511 364 666 395; x_wconf 79' lang='lat' dir='ltr'>Gratia771;</span> <span class='ocrx_word' id='word_1_30' title='bbox 696 363 838 392; x_wconf 75' lang='lat' dir='ltr'>ostendens</span> <span class='ocrx_word' id='word_1_31' title='bbox 861 364 929 392; x_wconf 86' lang='lat' dir='ltr'>sicut</span> 
     </span>
     <span class='ocr_line' id='line_1_7' title="bbox 216 408 929 448; baseline 0.003 -13"><span class='ocrx_word' id='word_1_32' title='bbox 216 414 335 436; x_wconf 83' lang='lat' dir='ltr'>mortuos</span> <span class='ocrx_word' id='word_1_33' title='bbox 349 408 487 445; x_wconf 78' lang='lat' dir='ltr'>suscitare,</span> <span class='ocrx_word' id='word_1_34' title='bbox 505 409 637 437; x_wconf 75' lang='lat' dir='ltr'>daemones</span> <span class='ocrx_word' id='word_1_35' title='bbox 652 409 749 448; x_wconf 83' lang='lat' dir='ltr'>pellere</span> <span class='ocrx_word' id='word_1_36' title='bbox 774 416 797 437; x_wconf 88' lang='lat' dir='ltr'>et</span> <span class='ocrx_word' id='word_1_37' title='bbox 812 410 929 448; x_wconf 85' lang='lat' dir='ltr'>leprosos</span> 
     </span>
     <span class='ocr_line' id='line_1_8' title="bbox 216 454 929 494; baseline 0.003 -13"><span class='ocrx_word' id='word_1_38' title='bbox 216 454 358 491; x_wconf 76' lang='lat' dir='ltr'>mundare,</span> <span class='ocrx_word' id='word_1_39' title='bbox 374 455 412 482; x_wconf 88' lang='lat' dir='ltr'>sie</span> <span class='ocrx_word' id='word_1_40' title='bbox 428 461 453 482; x_wconf 88' lang='lat' dir='ltr'>et</span> <span class='ocrx_word' id='word_1_41' title='bbox 482 466 611 494; x_wconf 72' lang='lat' dir='ltr'><strong>pauperes</strong></span> <span class='ocrx_word' id='word_1_42' title='bbox 626 456 723 493; x_wconf 76' lang='lat' dir='ltr'>juvare</span> <span class='ocrx_word' id='word_1_43' title='bbox 748 455 839 493; x_wconf 66' lang='lat' dir='ltr'>gratia:</span> <span class='ocrx_word' id='word_1_44' title='bbox 862 466 929 494; x_wconf 88' lang='lat' dir='ltr'>opus</span> 
     </span>
     <span class='ocr_line' id='line_1_9' title="bbox 216 500 929 539; baseline 0.003 -12"><span class='ocrx_word' id='word_1_45' title='bbox 216 510 284 535; x_wconf 82' lang='lat' dir='ltr'>esse3</span> <span class='ocrx_word' id='word_1_46' title='bbox 300 500 355 528; x_wconf 87' lang='lat' dir='ltr'>imo</span> <span class='ocrx_word' id='word_1_47' title='bbox 365 500 455 538; x_wconf 89' lang='lat' dir='ltr'>potius</span> <span class='ocrx_word' id='word_1_48' title='bbox 470 500 521 529; x_wconf 87' lang='lat' dir='ltr'>hoc</span> <span class='ocrx_word' id='word_1_49' title='bbox 535 512 615 538; x_wconf 88' lang='lat' dir='ltr'>quam</span> <span class='ocrx_word' id='word_1_50' title='bbox 632 501 700 529; x_wconf 85' lang='lat' dir='ltr'>illud</span> <span class='ocrx_word' id='word_1_51' title='bbox 714 513 719 528; x_wconf 90' lang='lat'><strong>:</strong></span> <span class='ocrx_word' id='word_1_52' title='bbox 735 508 813 539; x_wconf 87' lang='lat' dir='ltr'>atque</span> <span class='ocrx_word' id='word_1_53' title='bbox 826 501 929 530; x_wconf 86' lang='lat' dir='ltr'>etiamsi</span> 
     </span>
     <span class='ocr_line' id='line_1_10' title="bbox 216 544 929 585; baseline 0.003 -13"><span class='ocrx_word' id='word_1_54' title='bbox 216 544 300 583; x_wconf 81' lang='lat' dir='ltr'>gratia</span> <span class='ocrx_word' id='word_1_55' title='bbox 321 545 365 582; x_wconf 87' lang='lat' dir='ltr'>sit,</span> <span class='ocrx_word' id='word_1_56' title='bbox 376 545 464 574; x_wconf 81' lang='lat' dir='ltr'>studio</span> <span class='ocrx_word' id='word_1_57' title='bbox 482 553 568 574; x_wconf 86' lang='lat' dir='ltr'>tamen</span> <span class='ocrx_word' id='word_1_58' title='bbox 587 553 612 574; x_wconf 88' lang='lat' dir='ltr'>et</span> <span class='ocrx_word' id='word_1_59' title='bbox 631 546 766 574; x_wconf 78' lang='lat' dir='ltr'>alacritate</span> <span class='ocrx_word' id='word_1_60' title='bbox 777 557 842 585; x_wconf 88' lang='lat' dir='ltr'>opus</span> <span class='ocrx_word' id='word_1_61' title='bbox 852 547 929 575; x_wconf 90' lang='lat' dir='ltr'>nohis</span> 
     </span>
     <span class='ocr_line' id='line_1_11' title="bbox 216 591 973 630; baseline 0.003 -12"><span class='ocrx_word' id='word_1_62' title='bbox 216 597 254 619; x_wconf 85' lang='lat' dir='ltr'>est</span> <span class='ocrx_word' id='word_1_63' title='bbox 270 598 299 618; x_wconf 87' lang='lat' dir='ltr'>ut</span> <span class='ocrx_word' id='word_1_64' title='bbox 311 591 441 629; x_wconf 75' lang='lat' dir='ltr'>eligamus</span> <span class='ocrx_word' id='word_1_65' title='bbox 454 598 479 619; x_wconf 87' lang='lat' dir='ltr'>et</span> <span class='ocrx_word' id='word_1_66' title='bbox 491 591 616 627; x_wconf 76' lang='lat' dir='ltr'>velimus,</span> <span class='ocrx_word' id='word_1_67' title='bbox 629 599 653 619; x_wconf 91' lang='lat' dir='ltr'>et</span> <span class='ocrx_word' id='word_1_68' title='bbox 668 602 716 619; x_wconf 90' lang='lat' dir='ltr'>nos</span> <span class='ocrx_word' id='word_1_69' title='bbox 728 592 812 630; x_wconf 77' lang='lat' dir='ltr'>gratia</span> <span class='ocrx_word' id='word_1_70' title='bbox 833 591 928 630; x_wconf 82' lang='lat' dir='ltr'>dignos</span> <span class='ocrx_word' id='word_1_71' title='bbox 938 609 973 627; x_wconf 70' lang='lat'>255</span> 
     </span>
     <span class='ocr_line' id='line_1_12' title="bbox 216 636 965 674; baseline 0.001 -10"><span class='ocrx_word' id='word_1_72' title='bbox 216 636 368 664; x_wconf 76' lang='lat' dir='ltr'>reddamus.</span> <span class='ocrx_word' id='word_1_73' title='bbox 390 637 447 665; x_wconf 57' lang='lat' dir='ltr'>l‘loc</span> <span class='ocrx_word' id='word_1_74' title='bbox 458 637 548 674; x_wconf 85' lang='lat' dir='ltr'>itaque</span> <span class='ocrx_word' id='word_1_75' title='bbox 562 636 595 664; x_wconf 85' lang='lat' dir='ltr'>ad</span> <span class='ocrx_word' id='word_1_76' title='bbox 611 637 816 666; x_wconf 72' lang='lat' dir='ltr'>consolationem</span> <span class='ocrx_word' id='word_1_77' title='bbox 829 638 928 674; x_wconf 80' lang='lat' dir='ltr'>attulit,</span> <span class='ocrx_word' id='word_1_78' title='bbox 949 638 965 658; x_wconf 87' lang='grc' dir='ltr'>Λ</span> 
     </span>
     <span class='ocr_line' id='line_1_13' title="bbox 216 681 929 719; baseline 0.003 -10"><span class='ocrx_word' id='word_1_79' title='bbox 216 681 289 719; x_wconf 88' lang='lat' dir='ltr'>quod</span> <span class='ocrx_word' id='word_1_80' title='bbox 302 682 391 710; x_wconf 77' lang='lat' dir='ltr'>literas</span> <span class='ocrx_word' id='word_1_81' title='bbox 402 693 462 710; x_wconf 81' lang='lat' dir='ltr'>suas</span> <span class='ocrx_word' id='word_1_82' title='bbox 474 692 535 710; x_wconf 88' lang='lat' dir='ltr'>cum</span> <span class='ocrx_word' id='word_1_83' title='bbox 549 681 604 710; x_wconf 82' lang='lat' dir='ltr'>illis</span> <span class='ocrx_word' id='word_1_84' title='bbox 627 683 756 718; x_wconf 82' lang='lat' dir='ltr'>mitteret3</span> <span class='ocrx_word' id='word_1_85' title='bbox 776 682 851 710; x_wconf 85' lang='lat' dir='ltr'>aliud</span> <span class='ocrx_word' id='word_1_86' title='bbox 867 693 929 712; x_wconf 83' lang='lat' dir='ltr'>vcro</span> 
     </span>
     <span class='ocr_line' id='line_1_14' title="bbox 216 726 930 766; baseline 0.001 -11"><span class='ocrx_word' id='word_1_87' title='bbox 216 727 303 766; x_wconf 84' lang='lat' dir='ltr'>majus</span> <span class='ocrx_word' id='word_1_88' title='bbox 315 727 421 766; x_wconf 85' lang='lat' dir='ltr'>adjecit,</span> <span class='ocrx_word' id='word_1_89' title='bbox 446 726 517 765; x_wconf 88' lang='lat' dir='ltr'>quod</span> <span class='ocrx_word' id='word_1_90' title='bbox 535 738 562 755; x_wconf 90' lang='lat' dir='ltr'>se</span> <span class='ocrx_word' id='word_1_91' title='bbox 585 727 755 766; x_wconf 81' lang='lat' dir='ltr'>polliceretur</span> <span class='ocrx_word' id='word_1_92' title='bbox 770 727 872 756; x_wconf 84' lang='lat' dir='ltr'>itineris</span> <span class='ocrx_word' id='word_1_93' title='bbox 886 738 930 756; x_wconf 91' lang='grc' dir='ltr'>5ο-</span> 
     </span>
     <span class='ocr_line' id='line_1_15' title="bbox 216 772 929 812; baseline 0.003 -12"><span class='ocrx_word' id='word_1_94' title='bbox 216 772 287 800; x_wconf 87' lang='lat' dir='ltr'>cium</span> <span class='ocrx_word' id='word_1_95' title='bbox 304 773 377 801; x_wconf 88' lang='lat' dir='ltr'>fore:</span> <span class='ocrx_word' id='word_1_96' title='bbox 392 773 476 810; x_wconf 76' lang='lat' dir='ltr'>Quod</span> <span class='ocrx_word' id='word_1_97' title='bbox 488 775 513 801; x_wconf 78' lang='lat' dir='ltr'>si</span> <span class='ocrx_word' id='word_1_98' title='bbox 524 773 642 811; x_wconf 75' lang='lat' dir='ltr'>‹Iigmmz</span> <span class='ocrx_word' id='word_1_99' title='bbox 659 774 767 812; x_wconf 80' lang='lat' dir='ltr'>suerit,</span> <span class='ocrx_word' id='word_1_100' title='bbox 787 773 884 811; x_wconf 84' lang='lat' dir='ltr'>inquit,</span> <span class='ocrx_word' id='word_1_101' title='bbox 899 780 929 802; x_wconf 80' lang='lat' dir='ltr'>ut</span> 
     </span>
     <span class='ocr_line' id='line_1_16' title="bbox 217 819 933 857; baseline 0.003 -11"><span class='ocrx_word' id='word_1_102' title='bbox 217 825 245 846; x_wconf 81' lang='lat' dir='ltr'>et</span> <span class='ocrx_word' id='word_1_103' title='bbox 254 829 304 857; x_wconf 80' lang='lat' dir='ltr'>ego</span> <span class='ocrx_word' id='word_1_104' title='bbox 319 829 393 853; x_wconf 82' lang='lat' dir='ltr'>eam,</span> <span class='ocrx_word' id='word_1_105' title='bbox 415 829 526 847; x_wconf 83' lang='lat' dir='ltr'>mecum</span> <span class='ocrx_word' id='word_1_106' title='bbox 548 820 641 847; x_wconf 81' lang='lat' dir='ltr'>ibunt.</span> <span class='ocrx_word' id='word_1_107' title='bbox 669 819 720 847; x_wconf 80' lang='lat' dir='ltr'>Hic</span> <span class='ocrx_word' id='word_1_108' title='bbox 733 819 933 848; x_wconf 77' lang='lat' dir='ltr'>animadvertas</span> 
     </span>
     <span class='ocr_line' id='line_1_17' title="bbox 216 864 932 903; baseline 0.001 -11"><span class='ocrx_word' id='word_1_109' title='bbox 216 864 297 892; x_wconf 81' lang='lat' dir='ltr'>velim</span> <span class='ocrx_word' id='word_1_110' title='bbox 311 865 368 902; x_wconf 87' lang='lat' dir='ltr'>ejus</span> <span class='ocrx_word' id='word_1_111' title='bbox 382 864 564 903; x_wconf 78' lang='lat' dir='ltr'>prudentiam.</span> <span class='ocrx_word' id='word_1_112' title='bbox 592 865 683 902; x_wconf 85' lang='lat' dir='ltr'>Neque</span> <span class='ocrx_word' id='word_1_113' title='bbox 697 864 768 893; x_wconf 87' lang='lat' dir='ltr'>enim</span> <span class='ocrx_word' id='word_1_114' title='bbox 780 865 889 903; x_wconf 81' lang='lat' dir='ltr'>negavit</span> <span class='ocrx_word' id='word_1_115' title='bbox 905 875 932 893; x_wconf 86' lang='lat' dir='ltr'>se</span> 
     </span>
     <span class='ocr_line' id='line_1_18' title="bbox 216 909 933 948; baseline 0 -11"><span class='ocrx_word' id='word_1_116' title='bbox 216 909 297 937; x_wconf 86' lang='lat' dir='ltr'>simul</span> <span class='ocrx_word' id='word_1_117' title='bbox 311 910 424 945; x_wconf 86' lang='lat' dir='ltr'>iturum,</span> <span class='ocrx_word' id='word_1_118' title='bbox 441 920 525 947; x_wconf 90' lang='lat' dir='ltr'>neque</span> <span class='ocrx_word' id='word_1_119' title='bbox 538 909 646 938; x_wconf 84' lang='lat' dir='ltr'>omnino</span> <span class='ocrx_word' id='word_1_120' title='bbox 671 910 808 948; x_wconf 82' lang='lat' dir='ltr'>pollicitus</span> <span class='ocrx_word' id='word_1_121' title='bbox 824 917 875 946; x_wconf 86' lang='lat' dir='ltr'>est;</span> <span class='ocrx_word' id='word_1_122' title='bbox 887 909 933 938; x_wconf 82' lang='lat' dir='ltr'>sed</span> 
     </span>
     <span class='ocr_line' id='line_1_19' title="bbox 216 955 934 994; baseline 0 -11"><span class='ocrx_word' id='word_1_123' title='bbox 216 955 284 983; x_wconf 85' lang='lat' dir='ltr'>illud</span> <span class='ocrx_word' id='word_1_124' title='bbox 299 955 378 983; x_wconf 84' lang='lat' dir='ltr'>etiam</span> <span class='ocrx_word' id='word_1_125' title='bbox 399 955 522 984; x_wconf 70' lang='lat' dir='ltr'>dantium</span> <span class='ocrx_word' id='word_1_126' title='bbox 547 955 658 983; x_wconf 84' lang='lat' dir='ltr'>arbitrio</span> <span class='ocrx_word' id='word_1_127' title='bbox 675 955 809 994; x_wconf 83' lang='lat' dir='ltr'>permisit,</span> <span class='ocrx_word' id='word_1_128' title='bbox 838 966 934 992; x_wconf 84' lang='lat' dir='ltr'>eosque</span> 
     </span>
     <span class='ocr_line' id='line_1_20' title="bbox 216 1000 934 1039; baseline -0.001 -10"><span class='ocrx_word' id='word_1_129' title='bbox 216 1001 387 1039; x_wconf 83' lang='lat' dir='ltr'>profectionis</span> <span class='ocrx_word' id='word_1_130' title='bbox 404 1011 457 1029; x_wconf 83' lang='lat' dir='ltr'>suae</span> <span class='ocrx_word' id='word_1_131' title='bbox 469 1000 591 1029; x_wconf 87' lang='lat' dir='ltr'>dominos</span> <span class='ocrx_word' id='word_1_132' title='bbox 607 1000 682 1037; x_wconf 81' lang='lat' dir='ltr'>fecit;</span> <span class='ocrx_word' id='word_1_133' title='bbox 707 1000 836 1035; x_wconf 84' lang='lat' dir='ltr'>indicans,</span> <span class='ocrx_word' id='word_1_134' title='bbox 853 1000 934 1028; x_wconf 82' lang='lat' dir='ltr'>sido-</span> 
     </span>
     <span class='ocr_line' id='line_1_21' title="bbox 217 1046 934 1084; baseline -0.001 -10"><span class='ocrx_word' id='word_1_135' title='bbox 217 1056 282 1074; x_wconf 87' lang='lat' dir='ltr'>num</span> <span class='ocrx_word' id='word_1_136' title='bbox 297 1053 399 1074; x_wconf 84' lang='lat' dir='ltr'>tantum</span> <span class='ocrx_word' id='word_1_137' title='bbox 414 1047 495 1082; x_wconf 82' lang='lat' dir='ltr'>soret,</span> <span class='ocrx_word' id='word_1_138' title='bbox 509 1052 539 1074; x_wconf 88' lang='lat' dir='ltr'>ut</span> <span class='ocrx_word' id='word_1_139' title='bbox 553 1057 581 1074; x_wconf 88' lang='lat' dir='ltr'>se</span> <span class='ocrx_word' id='word_1_140' title='bbox 595 1046 706 1074; x_wconf 86' lang='lat' dir='ltr'>incitare</span> <span class='ocrx_word' id='word_1_141' title='bbox 720 1053 821 1084; x_wconf 80' lang='lat' dir='ltr'>posset,</span> <span class='ocrx_word' id='word_1_142' title='bbox 839 1046 889 1073; x_wconf 87' lang='lat' dir='ltr'>iter</span> <span class='ocrx_word' id='word_1_143' title='bbox 909 1056 934 1073; x_wconf 88' lang='lat' dir='ltr'>se</span> 
     </span>
     <span class='ocr_line' id='line_1_22' title="bbox 216 1091 935 1130; baseline -0.001 -11"><span class='ocrx_word' id='word_1_144' title='bbox 216 1098 403 1130; x_wconf 88' lang='lat' dir='ltr'>suscepturum</span> <span class='ocrx_word' id='word_1_145' title='bbox 415 1102 480 1122; x_wconf 80' lang='lat' dir='ltr'>esse,</span> <span class='ocrx_word' id='word_1_146' title='bbox 497 1092 567 1120; x_wconf 87' lang='lat' dir='ltr'>Nam</span> <span class='ocrx_word' id='word_1_147' title='bbox 592 1102 654 1119; x_wconf 89' lang='lat' dir='ltr'>cum</span> <span class='ocrx_word' id='word_1_148' title='bbox 677 1091 754 1127; x_wconf 82' lang='lat' dir='ltr'>dicit,</span> <span class='ocrx_word' id='word_1_149' title='bbox 773 1091 803 1118; x_wconf 79' lang='lat' dir='ltr'>Si</span> <span class='ocrx_word' id='word_1_150' title='bbox 817 1091 935 1128; x_wconf 82' lang='lat' dir='ltr'>dignum</span> 
     </span>
     <span class='ocr_line' id='line_1_23' title="bbox 212 1135 936 1176; baseline -0.001 -11"><span class='ocrx_word' id='word_1_151' title='bbox 212 1138 316 1176; x_wconf 77' lang='lat' dir='ltr'>suerit,</span> <span class='ocrx_word' id='word_1_152' title='bbox 328 1136 355 1164; x_wconf 83' lang='lat' dir='ltr'>id</span> <span class='ocrx_word' id='word_1_153' title='bbox 369 1136 563 1164; x_wconf 82' lang='lat' dir='ltr'>subindicantis</span> <span class='ocrx_word' id='word_1_154' title='bbox 577 1143 626 1164; x_wconf 90' lang='lat' dir='ltr'>est.</span> <span class='ocrx_word' id='word_1_155' title='bbox 648 1135 729 1170; x_wconf 86' lang='lat' dir='ltr'>Quod</span> <span class='ocrx_word' id='word_1_156' title='bbox 749 1135 771 1163; x_wconf 91' lang='lat' dir='ltr'>si</span> <span class='ocrx_word' id='word_1_157' title='bbox 794 1135 936 1174; x_wconf 87' lang='lat' dir='ltr'>prosectio-</span> 
     </span>
     <span class='ocr_line' id='line_1_24' title="bbox 217 1181 936 1220; baseline 0 -10"><span class='ocrx_word' id='word_1_158' title='bbox 217 1192 279 1210; x_wconf 88' lang='lat' dir='ltr'>nem</span> <span class='ocrx_word' id='word_1_159' title='bbox 304 1182 379 1210; x_wconf 82' lang='lat' dir='ltr'>illam</span> <span class='ocrx_word' id='word_1_160' title='bbox 404 1182 512 1210; x_wconf 87' lang='lat' dir='ltr'>omnino</span> <span class='ocrx_word' id='word_1_161' title='bbox 541 1188 671 1220; x_wconf 77' lang='lat' dir='ltr'>negasset,</span> <span class='ocrx_word' id='word_1_162' title='bbox 691 1182 761 1220; x_wconf 83' lang='lat' dir='ltr'>ipsos</span> <span class='ocrx_word' id='word_1_163' title='bbox 787 1181 936 1219; x_wconf 79' lang='lat' dir='ltr'>ignaviores</span> 
     </span>
     <span class='ocr_line' id='line_1_25' title="bbox 216 1226 970 1266; baseline -0.004 -10"><span class='ocrx_word' id='word_1_164' title='bbox 216 1227 403 1266; x_wconf 85' lang='lat' dir='ltr'>segnioresque</span> <span class='ocrx_word' id='word_1_165' title='bbox 418 1226 593 1263; x_wconf 76' lang='lat' dir='ltr'>1·eddidisset;</span> <span class='ocrx_word' id='word_1_166' title='bbox 610 1227 651 1255; x_wconf 90' lang='lat' dir='ltr'>sin</span> <span class='ocrx_word' id='word_1_167' title='bbox 666 1226 748 1255; x_wconf 82' lang='lat' dir='ltr'>dubie</span> <span class='ocrx_word' id='word_1_168' title='bbox 759 1227 933 1266; x_wconf 81' lang='lat' dir='ltr'>promisisset,</span> <span class='ocrx_word' id='word_1_169' title='bbox 954 1231 970 1253; x_wconf 85' lang='lat' dir='ltr'>B</span> 
     </span>
     <span class='ocr_line' id='line_1_26' title="bbox 216 1272 934 1311; baseline -0.001 -10"><span class='ocrx_word' id='word_1_170' title='bbox 216 1273 421 1311; x_wconf 82' lang='lat' dir='ltr'>negligentiores</span> <span class='ocrx_word' id='word_1_171' title='bbox 440 1273 551 1301; x_wconf 82' lang='lat' dir='ltr'>fecisset.</span> <span class='ocrx_word' id='word_1_172' title='bbox 575 1272 638 1300; x_wconf 88' lang='lat' dir='ltr'>Ideo</span> <span class='ocrx_word' id='word_1_173' title='bbox 651 1283 697 1300; x_wconf 90' lang='lat' dir='ltr'>nec</span> <span class='ocrx_word' id='word_1_174' title='bbox 715 1272 822 1300; x_wconf 88' lang='lat' dir='ltr'>omnino</span> <span class='ocrx_word' id='word_1_175' title='bbox 845 1279 934 1311; x_wconf 83' lang='lat' dir='ltr'>negat,</span> 
     </span>
     <span class='ocr_line' id='line_1_27' title="bbox 216 1317 934 1358; baseline 0 -11"><span class='ocrx_word' id='word_1_176' title='bbox 216 1329 302 1357; x_wconf 87' lang='lat' dir='ltr'>neque</span> <span class='ocrx_word' id='word_1_177' title='bbox 330 1318 487 1358; x_wconf 72' lang='lat' dir='ltr'>pollicetur3</span> <span class='ocrx_word' id='word_1_178' title='bbox 504 1318 549 1346; x_wconf 86' lang='lat' dir='ltr'>scd</span> <span class='ocrx_word' id='word_1_179' title='bbox 565 1317 634 1346; x_wconf 82' lang='lat' dir='ltr'>illud</span> <span class='ocrx_word' id='word_1_180' title='bbox 647 1318 759 1346; x_wconf 83' lang='lat' dir='ltr'>arbitrio</span> <span class='ocrx_word' id='word_1_181' title='bbox 780 1318 934 1347; x_wconf 88' lang='lat' dir='ltr'>Corinthio-</span> 
     </span>
     <span class='ocr_line' id='line_1_28' title="bbox 216 1363 933 1402; baseline 0 -10"><span class='ocrx_word' id='word_1_182' title='bbox 216 1375 276 1392; x_wconf 89' lang='lat' dir='ltr'>rum</span> <span class='ocrx_word' id='word_1_183' title='bbox 292 1364 419 1402; x_wconf 87' lang='lat' dir='ltr'>relinquit</span> <span class='ocrx_word' id='word_1_184' title='bbox 427 1363 527 1399; x_wconf 87' lang='lat' dir='ltr'>dicens,</span> <span class='ocrx_word' id='word_1_185' title='bbox 556 1364 643 1401; x_wconf 79' lang='lat' dir='ltr'>Quod</span> <span class='ocrx_word' id='word_1_186' title='bbox 656 1366 681 1392; x_wconf 82' lang='lat' dir='ltr'>si</span> <span class='ocrx_word' id='word_1_187' title='bbox 702 1364 821 1402; x_wconf 80' lang='lat' dir='ltr'>dignum</span> <span class='ocrx_word' id='word_1_188' title='bbox 834 1365 933 1401; x_wconf 79' lang='lat' dir='ltr'>suerit.</span> 
     </span>
     <span class='ocr_line' id='line_1_29' title="bbox 217 1409 934 1447; baseline -0.001 -9"><span class='ocrx_word' id='word_1_189' title='bbox 217 1409 363 1438; x_wconf 88' lang='lat' dir='ltr'>Audientes</span> <span class='ocrx_word' id='word_1_190' title='bbox 376 1409 446 1438; x_wconf 86' lang='lat' dir='ltr'>enim</span> <span class='ocrx_word' id='word_1_191' title='bbox 461 1409 576 1438; x_wconf 80' lang='lat' dir='ltr'>Paulum</span> <span class='ocrx_word' id='word_1_192' title='bbox 593 1409 680 1447; x_wconf 90' lang='lat' dir='ltr'>ipsum</span> <span class='ocrx_word' id='word_1_193' title='bbox 691 1409 847 1437; x_wconf 83' lang='lat' dir='ltr'>delaturum</span> <span class='ocrx_word' id='word_1_194' title='bbox 860 1409 934 1438; x_wconf 84' lang='lat' dir='ltr'>obla-</span> 
     </span>
     <span class='ocr_line' id='line_1_30' title="bbox 217 1454 933 1493; baseline 0 -10"><span class='ocrx_word' id='word_1_195' title='bbox 217 1455 317 1483; x_wconf 87' lang='lat' dir='ltr'>tionem</span> <span class='ocrx_word' id='word_1_196' title='bbox 332 1465 418 1490; x_wconf 83' lang='lat' dir='ltr'>suam,</span> <span class='ocrx_word' id='word_1_197' title='bbox 442 1454 535 1493; x_wconf 87' lang='lat' dir='ltr'>majori</span> <span class='ocrx_word' id='word_1_198' title='bbox 551 1454 639 1482; x_wconf 87' lang='lat' dir='ltr'>studio</span> <span class='ocrx_word' id='word_1_199' title='bbox 654 1461 679 1482; x_wconf 85' lang='lat' dir='ltr'>et</span> <span class='ocrx_word' id='word_1_200' title='bbox 706 1454 843 1482; x_wconf 78' lang='lat' dir='ltr'>alacritate</span> <span class='ocrx_word' id='word_1_201' title='bbox 857 1454 892 1482; x_wconf 86' lang='lat' dir='ltr'>ad</span> <span class='ocrx_word' id='word_1_202' title='bbox 907 1455 933 1483; x_wconf 92' lang='lat' dir='ltr'>id</span> 
     </span>
     <span class='ocr_line' id='line_1_31' title="bbox 218 1499 934 1537; baseline -0.001 -8"><span class='ocrx_word' id='word_1_203' title='bbox 218 1501 255 1529; x_wconf 90' lang='lat' dir='ltr'>rei</span> <span class='ocrx_word' id='word_1_204' title='bbox 270 1500 434 1537; x_wconf 80' lang='lat' dir='ltr'>ferebantur,</span> <span class='ocrx_word' id='word_1_205' title='bbox 462 1499 534 1537; x_wconf 86' lang='lat' dir='ltr'>quod</span> <span class='ocrx_word' id='word_1_206' title='bbox 561 1506 657 1528; x_wconf 76' lang='lat' dir='ltr'>sancta:</span> <span class='ocrx_word' id='word_1_207' title='bbox 673 1499 725 1527; x_wconf 73' lang='lat' dir='ltr'>illm</span> <span class='ocrx_word' id='word_1_208' title='bbox 747 1510 841 1528; x_wconf 84' lang='lat' dir='ltr'>manus</span> <span class='ocrx_word' id='word_1_209' title='bbox 864 1500 934 1529; x_wconf 84' lang='lat' dir='ltr'>dona</span> 
     </span>
     <span class='ocr_line' id='line_1_32' title="bbox 218 1545 934 1584; baseline 0 -10"><span class='ocrx_word' id='word_1_210' title='bbox 218 1552 370 1574; x_wconf 68' lang='lat' dir='ltr'>tractatura:</span> <span class='ocrx_word' id='word_1_211' title='bbox 385 1552 478 1581; x_wconf 83' lang='lat' dir='ltr'>essent,</span> <span class='ocrx_word' id='word_1_212' title='bbox 499 1551 523 1573; x_wconf 86' lang='lat' dir='ltr'>et</span> <span class='ocrx_word' id='word_1_213' title='bbox 536 1545 598 1573; x_wconf 87' lang='lat' dir='ltr'>huic</span> <span class='ocrx_word' id='word_1_214' title='bbox 611 1545 742 1573; x_wconf 82' lang='lat' dir='ltr'>sacrificio</span> <span class='ocrx_word' id='word_1_215' title='bbox 757 1556 847 1584; x_wconf 83' lang='lat' dir='ltr'>preces</span> <span class='ocrx_word' id='word_1_216' title='bbox 860 1545 934 1574; x_wconf 83' lang='lat' dir='ltr'>illius</span> 
     </span>
     <span class='ocr_line' id='line_1_33' title="bbox 217 1590 934 1620; baseline -0.001 0"><span class='ocrx_word' id='word_1_217' title='bbox 217 1591 381 1620; x_wconf 80' lang='lat' dir='ltr'>accederent.</span> <span class='ocrx_word' id='word_1_218' title='bbox 397 1591 480 1618; x_wconf 85' lang='lat' dir='ltr'>Porro</span> <span class='ocrx_word' id='word_1_219' title='bbox 490 1590 511 1617; x_wconf 84' lang='grc'>51</span> <span class='ocrx_word' id='word_1_220' title='bbox 522 1590 604 1618; x_wconf 78' lang='lat' dir='ltr'>Paulo</span> <span class='ocrx_word' id='word_1_221' title='bbox 620 1590 744 1618; x_wconf 84' lang='lat' dir='ltr'>tradituri</span> <span class='ocrx_word' id='word_1_222' title='bbox 759 1590 828 1619; x_wconf 84' lang='lat' dir='ltr'>dona</span> <span class='ocrx_word' id='word_1_223' title='bbox 842 1591 934 1620; x_wconf 87' lang='lat' dir='ltr'>Corin-</span> 
     </span>
     <span class='ocr_line' id='line_1_34' title="bbox 219 1635 934 1675; baseline 0 -10"><span class='ocrx_word' id='word_1_224' title='bbox 219 1637 278 1673; x_wconf 83' lang='lat' dir='ltr'>thii,</span> <span class='ocrx_word' id='word_1_225' title='bbox 289 1636 319 1664; x_wconf 88' lang='lat' dir='ltr'>id</span> <span class='ocrx_word' id='word_1_226' title='bbox 331 1647 392 1664; x_wconf 88' lang='lat' dir='ltr'>cum</span> <span class='ocrx_word' id='word_1_227' title='bbox 408 1637 510 1675; x_wconf 84' lang='lat' dir='ltr'>majore</span> <span class='ocrx_word' id='word_1_228' title='bbox 518 1635 654 1664; x_wconf 83' lang='lat' dir='ltr'>alacritate</span> <span class='ocrx_word' id='word_1_229' title='bbox 665 1636 806 1673; x_wconf 83' lang='lat' dir='ltr'>faciebant,</span> <span class='ocrx_word' id='word_1_230' title='bbox 818 1643 845 1664; x_wconf 87' lang='lat' dir='ltr'>tu</span> <span class='ocrx_word' id='word_1_231' title='bbox 858 1637 934 1665; x_wconf 89' lang='lat' dir='ltr'>Pauli</span> 
     </span>
     <span class='ocr_line' id='line_1_35' title="bbox 219 1681 933 1721; baseline -0.001 -10"><span class='ocrx_word' id='word_1_232' title='bbox 219 1683 335 1711; x_wconf 90' lang='lat' dir='ltr'>Domino</span> <span class='ocrx_word' id='word_1_233' title='bbox 348 1682 536 1717; x_wconf 78' lang='lat' dir='ltr'>daturus(na¹n</span> <span class='ocrx_word' id='word_1_234' title='bbox 548 1692 595 1720; x_wconf 88' lang='lat' dir='ltr'>pcr</span> <span class='ocrx_word' id='word_1_235' title='bbox 607 1692 735 1720; x_wconf 78' lang='lat' dir='ltr'>pauperes</span> <span class='ocrx_word' id='word_1_236' title='bbox 744 1681 788 1709; x_wconf 89' lang='lat' dir='ltr'>ille</span> <span class='ocrx_word' id='word_1_237' title='bbox 799 1682 933 1721; x_wconf 84' lang='lat' dir='ltr'>suscipit),</span> 
     </span>
     <span class='ocr_line' id='line_1_36' title="bbox 219 1726 932 1766; baseline 0 -10"><span class='ocrx_word' id='word_1_238' title='bbox 219 1739 299 1766; x_wconf 88' lang='lat' dir='ltr'>quam</span> <span class='ocrx_word' id='word_1_239' title='bbox 313 1728 510 1756; x_wconf 85' lang='lat' dir='ltr'>excusationem</span> <span class='ocrx_word' id='word_1_240' title='bbox 524 1727 666 1755; x_wconf 88' lang='lat' dir='ltr'>habiturus</span> <span class='ocrx_word' id='word_1_241' title='bbox 680 1726 728 1755; x_wconf 77' lang='lat' dir='ltr'>es?</span> <span class='ocrx_word' id='word_1_242' title='bbox 740 1728 831 1764; x_wconf 86' lang='lat' dir='ltr'>Neque</span> <span class='ocrx_word' id='word_1_243' title='bbox 849 1727 932 1764; x_wconf 88' lang='lat' dir='ltr'>enim,</span> 
     </span>
     <span class='ocr_line' id='line_1_37' title="bbox 219 1771 971 1811; baseline 0 -10"><span class='ocrx_word' id='word_1_244' title='bbox 219 1773 270 1802; x_wconf 87' lang='lat' dir='ltr'>nisi</span> <span class='ocrx_word' id='word_1_245' title='bbox 285 1784 379 1811; x_wconf 72' lang='lat' dir='ltr'>magna</span> <span class='ocrx_word' id='word_1_246' title='bbox 393 1773 484 1801; x_wconf 81' lang='lat' dir='ltr'>suisset</span> <span class='ocrx_word' id='word_1_247' title='bbox 499 1772 600 1800; x_wconf 83' lang='lat' dir='ltr'>oblatio</span> <span class='ocrx_word' id='word_1_248' title='bbox 621 1771 758 1810; x_wconf 87' lang='lat' dir='ltr'>multaque</span> <span class='ocrx_word' id='word_1_249' title='bbox 770 1783 832 1800; x_wconf 84' lang='lat' dir='ltr'>cura</span> <span class='ocrx_word' id='word_1_250' title='bbox 842 1772 934 1811; x_wconf 76' lang='lat' dir='ltr'>digna⁷</span> <span class='ocrx_word' id='word_1_251' title='bbox 953 1783 971 1805; x_wconf 87' lang='lat' dir='ltr'>c</span> 
     </span>
     <span class='ocr_line' id='line_1_38' title="bbox 219 1817 935 1852; baseline 0 -5"><span class='ocrx_word' id='word_1_252' title='bbox 219 1820 265 1848; x_wconf 91' lang='lat' dir='ltr'>ille</span> <span class='ocrx_word' id='word_1_253' title='bbox 282 1820 324 1848; x_wconf 80' lang='lat' dir='ltr'>cui</span> <span class='ocrx_word' id='word_1_254' title='bbox 346 1826 416 1847; x_wconf 85' lang='lat' dir='ltr'>totus</span> <span class='ocrx_word' id='word_1_255' title='bbox 431 1819 504 1846; x_wconf 84' lang='lat' dir='ltr'>orbis</span> <span class='ocrx_word' id='word_1_256' title='bbox 522 1817 654 1852; x_wconf 83' lang='lat' dir='ltr'>creditus,</span> <span class='ocrx_word' id='word_1_257' title='bbox 670 1824 694 1846; x_wconf 86' lang='lat' dir='ltr'>et</span> <span class='ocrx_word' id='word_1_258' title='bbox 715 1818 758 1845; x_wconf 88' lang='lat' dir='ltr'>cui</span> <span class='ocrx_word' id='word_1_259' title='bbox 775 1829 845 1847; x_wconf 67' lang='lat' dir='ltr'>cura‘</span> <span class='ocrx_word' id='word_1_260' title='bbox 860 1826 935 1847; x_wconf 81' lang='lat' dir='ltr'>erant</span> 
     </span>
     <span class='ocr_line' id='line_1_39' title="bbox 219 1863 934 1902; baseline -0.001 -9"><span class='ocrx_word' id='word_1_261' title='bbox 219 1875 310 1893; x_wconf 86' lang='lat' dir='ltr'>omnes</span> <span class='ocrx_word' id='word_1_262' title='bbox 329 1865 380 1893; x_wconf 85' lang='lat' dir='ltr'>sub</span> <span class='ocrx_word' id='word_1_263' title='bbox 405 1865 459 1893; x_wconf 81' lang='lat' dir='ltr'>sole</span> <span class='ocrx_word' id='word_1_264' title='bbox 493 1863 627 1899; x_wconf 59' lang='lat' dir='ltr'>Ecclesia,</span> <span class='ocrx_word' id='word_1_265' title='bbox 653 1863 789 1902; x_wconf 85' lang='lat' dir='ltr'>pollicitus</span> <span class='ocrx_word' id='word_1_266' title='bbox 819 1871 883 1892; x_wconf 83' lang='lat' dir='ltr'>esset</span> <span class='ocrx_word' id='word_1_267' title='bbox 908 1875 934 1892; x_wconf 89' lang='lat' dir='ltr'>se</span> 
     </span>
     <span class='ocr_line' id='line_1_40' title="bbox 219 1909 934 1950; baseline -0.001 -11"><span class='ocrx_word' id='word_1_268' title='bbox 219 1911 345 1950; x_wconf 79' lang='lat' dir='ltr'>pecunias</span> <span class='ocrx_word' id='word_1_269' title='bbox 378 1910 626 1938; x_wconf 84' lang='lat' dir='ltr'>administraturum</span> <span class='ocrx_word' id='word_1_270' title='bbox 659 1920 724 1937; x_wconf 81' lang='lat' dir='ltr'>csse.</span> <span class='ocrx_word' id='word_1_271' title='bbox 752 1909 814 1937; x_wconf 77' lang='lat' dir='ltr'>Ilaec</span> <span class='ocrx_word' id='word_1_272' title='bbox 852 1909 934 1948; x_wconf 84' lang='lat' dir='ltr'>igitur</span> 
     </span>
     <span class='ocr_line' id='line_1_41' title="bbox 220 1954 934 1995; baseline -0.003 -10"><span class='ocrx_word' id='word_1_273' title='bbox 220 1957 308 1985; x_wconf 87' lang='lat' dir='ltr'>animo</span> <span class='ocrx_word' id='word_1_274' title='bbox 324 1963 486 1995; x_wconf 83' lang='lat' dir='ltr'>reputantes,</span> <span class='ocrx_word' id='word_1_275' title='bbox 498 1955 554 1983; x_wconf 87' lang='lat' dir='ltr'>sive</span> <span class='ocrx_word' id='word_1_276' title='bbox 565 1954 732 1992; x_wconf 76' lang='lat' dir='ltr'>largiendum</span> <span class='ocrx_word' id='word_1_277' title='bbox 743 1955 788 1987; x_wconf 78' lang='lat' dir='ltr'>sit,</span> <span class='ocrx_word' id='word_1_278' title='bbox 803 1955 860 1983; x_wconf 87' lang='lat' dir='ltr'>sive</span> <span class='ocrx_word' id='word_1_279' title='bbox 874 1955 934 1984; x_wconf 87' lang='lat' dir='ltr'>aliis</span> 
     </span>
     <span class='ocr_line' id='line_1_42' title="bbox 220 2000 934 2040; baseline -0.003 -10"><span class='ocrx_word' id='word_1_280' title='bbox 220 2002 395 2040; x_wconf 69' lang='lat' dir='ltr'>largientibus</span> <span class='ocrx_word' id='word_1_281' title='bbox 424 2000 640 2036; x_wconf 84' lang='lat' dir='ltr'>ministrandum,</span> <span class='ocrx_word' id='word_1_282' title='bbox 664 2011 696 2028; x_wconf 88' lang='lat' dir='ltr'>ne</span> <span class='ocrx_word' id='word_1_283' title='bbox 722 2011 812 2039; x_wconf 82' lang='lat' dir='ltr'>segnes</span> <span class='ocrx_word' id='word_1_284' title='bbox 839 2001 934 2037; x_wconf 82' lang='lat' dir='ltr'>simus⁷</span> 
     </span>
     <span class='ocr_line' id='line_1_43' title="bbox 221 2046 934 2085; baseline -0.001 -10"><span class='ocrx_word' id='word_1_285' title='bbox 221 2058 304 2085; x_wconf 86' lang='lat' dir='ltr'>neque</span> <span class='ocrx_word' id='word_1_286' title='bbox 320 2047 415 2081; x_wconf 74' lang='lat' dir='ltr'>moesti,</span> <span class='ocrx_word' id='word_1_287' title='bbox 433 2046 504 2084; x_wconf 81' lang='lat' dir='ltr'>quod</span> <span class='ocrx_word' id='word_1_288' title='bbox 525 2046 662 2074; x_wconf 79' lang='lat' dir='ltr'>facultates</span> <span class='ocrx_word' id='word_1_289' title='bbox 679 2046 755 2074; x_wconf 86' lang='lat' dir='ltr'>nobis</span> <span class='ocrx_word' id='word_1_290' title='bbox 772 2046 934 2074; x_wconf 85' lang='lat' dir='ltr'>minuantur.</span> 
     </span>
     <span class='ocr_line' id='line_1_44' title="bbox 222 2091 935 2130; baseline 0.001 -11"><span class='ocrx_word' id='word_1_291' title='bbox 222 2092 364 2126; x_wconf 83' lang='lat' dir='ltr'>Quomodo</span> <span class='ocrx_word' id='word_1_292' title='bbox 378 2092 448 2119; x_wconf 85' lang='lat' dir='ltr'>enim</span> <span class='ocrx_word' id='word_1_293' title='bbox 461 2091 607 2119; x_wconf 85' lang='lat' dir='ltr'>absurdum</span> <span class='ocrx_word' id='word_1_294' title='bbox 619 2102 670 2119; x_wconf 90' lang='lat' dir='ltr'>non</span> <span class='ocrx_word' id='word_1_295' title='bbox 682 2091 770 2127; x_wconf 85' lang='lat' dir='ltr'>suerit,</span> <span class='ocrx_word' id='word_1_296' title='bbox 786 2091 852 2120; x_wconf 86' lang='grc'><strong>1111111</strong></span> <span class='ocrx_word' id='word_1_297' title='bbox 864 2091 935 2130; x_wconf 79' lang='lat' dir='ltr'>agri-</span> 
     </span>
     <span class='ocr_line' id='line_1_45' title="bbox 223 2137 935 2174; baseline 0.001 -9"><span class='ocrx_word' id='word_1_298' title='bbox 223 2137 280 2165; x_wconf 74' lang='lat' dir='ltr'>cola</span> <span class='ocrx_word' id='word_1_299' title='bbox 295 2148 381 2165; x_wconf 84' lang='lat' dir='ltr'>semen</span> <span class='ocrx_word' id='word_1_300' title='bbox 398 2137 505 2174; x_wconf 69' lang='lat' dir='ltr'>jaciensy</span> <span class='ocrx_word' id='word_1_301' title='bbox 521 2144 545 2164; x_wconf 88' lang='lat' dir='ltr'>et</span> <span class='ocrx_word' id='word_1_302' title='bbox 558 2137 627 2164; x_wconf 80' lang='lat' dir='ltr'>hona</span> <span class='ocrx_word' id='word_1_303' title='bbox 649 2137 797 2173; x_wconf 81' lang='lat' dir='ltr'>effundens,</span> <span class='ocrx_word' id='word_1_304' title='bbox 819 2148 870 2165; x_wconf 87' lang='grc'><strong>11011</strong></span> <span class='ocrx_word' id='word_1_305' title='bbox 886 2138 935 2166; x_wconf 87' lang='lat' dir='ltr'>tri-</span> 
     </span>
     <span class='ocr_line' id='line_1_46' title="bbox 223 2181 934 2218; baseline 0 -8"><span class='ocrx_word' id='word_1_306' title='bbox 223 2189 316 2217; x_wconf 85' lang='lat' dir='ltr'>statur,</span> <span class='ocrx_word' id='word_1_307' title='bbox 332 2192 378 2209; x_wconf 89' lang='lat' dir='ltr'>nec</span> <span class='ocrx_word' id='word_1_308' title='bbox 397 2181 480 2214; x_wconf 85' lang='lat' dir='ltr'>dolet,</span> <span class='ocrx_word' id='word_1_309' title='bbox 496 2192 580 2218; x_wconf 84' lang='lat' dir='ltr'>neque</span> <span class='ocrx_word' id='word_1_310' title='bbox 591 2181 620 2209; x_wconf 86' lang='lat' dir='ltr'>id</span> <span class='ocrx_word' id='word_1_311' title='bbox 647 2189 750 2210; x_wconf 89' lang='lat' dir='ltr'>sumtus</span> <span class='ocrx_word' id='word_1_312' title='bbox 768 2183 826 2210; x_wconf 87' lang='lat' dir='ltr'>loeo</span> <span class='ocrx_word' id='word_1_313' title='bbox 843 2182 934 2218; x_wconf 84' lang='lat' dir='ltr'>habet,</span> 
     </span>
     <span class='ocr_line' id='line_1_47' title="bbox 224 2226 934 2266; baseline -0.001 -10"><span class='ocrx_word' id='word_1_314' title='bbox 224 2227 269 2256; x_wconf 86' lang='lat' dir='ltr'>sed</span> <span class='ocrx_word' id='word_1_315' title='bbox 293 2228 398 2255; x_wconf 83' lang='lat' dir='ltr'>lucrum</span> <span class='ocrx_word' id='word_1_316' title='bbox 422 2226 510 2264; x_wconf 78' lang='lat' dir='ltr'>potius</span> <span class='ocrx_word' id='word_1_317' title='bbox 530 2232 554 2253; x_wconf 89' lang='lat' dir='ltr'>et</span> <span class='ocrx_word' id='word_1_318' title='bbox 576 2234 735 2264; x_wconf 83' lang='lat' dir='ltr'>proventum</span> <span class='ocrx_word' id='word_1_319' title='bbox 770 2238 826 2255; x_wconf 80' lang='lat' dir='ltr'>esse</span> <span class='ocrx_word' id='word_1_320' title='bbox 848 2234 934 2266; x_wconf 80' lang='lat' dir='ltr'>putat,</span> 
     </span>
     <span class='ocr_line' id='line_1_48' title="bbox 222 2271 972 2311; baseline 0.001 -10"><span class='ocrx_word' id='word_1_321' title='bbox 222 2272 326 2301; x_wconf 86' lang='lat' dir='ltr'>tametsi</span> <span class='ocrx_word' id='word_1_322' title='bbox 339 2282 398 2310; x_wconf 82' lang='lat' dir='ltr'>spes</span> <span class='ocrx_word' id='word_1_323' title='bbox 411 2271 444 2299; x_wconf 83' lang='lat' dir='ltr'>sit</span> <span class='ocrx_word' id='word_1_324' title='bbox 459 2271 555 2298; x_wconf 83' lang='lat' dir='ltr'>incerta</span> <span class='ocrx_word' id='word_1_325' title='bbox 567 2282 572 2297; x_wconf 78' lang='lat' dir='ltr'><strong>t</strong></span> <span class='ocrx_word' id='word_1_326' title='bbox 588 2277 620 2303; x_wconf 81' lang='lat' dir='ltr'>te,</span> <span class='ocrx_word' id='word_1_327' title='bbox 631 2271 677 2308; x_wconf 88' lang='lat' dir='ltr'>qui</span> <span class='ocrx_word' id='word_1_328' title='bbox 695 2282 744 2300; x_wconf 85' lang='lat' dir='ltr'>non</span> <span class='ocrx_word' id='word_1_329' title='bbox 757 2283 804 2311; x_wconf 84' lang='lat' dir='ltr'>pro</span> <span class='ocrx_word' id='word_1_330' title='bbox 815 2273 935 2311; x_wconf 80' lang='lat' dir='ltr'>paribus,</span> <span class='ocrx_word' id='word_1_331' title='bbox 953 2281 972 2302; x_wconf 91' lang='lat' dir='ltr'>D</span> 
     </span>
     <span class='ocr_line' id='line_1_49' title="bbox 224 2316 936 2357; baseline 0.001 -11"><span class='ocrx_word' id='word_1_332' title='bbox 224 2317 269 2346; x_wconf 83' lang='lat' dir='ltr'>scd</span> <span class='ocrx_word' id='word_1_333' title='bbox 284 2328 332 2357; x_wconf 83' lang='lat' dir='ltr'>pro</span> <span class='ocrx_word' id='word_1_334' title='bbox 340 2317 424 2345; x_wconf 86' lang='lat' dir='ltr'>multo</span> <span class='ocrx_word' id='word_1_335' title='bbox 440 2316 586 2354; x_wconf 82' lang='lat' dir='ltr'>majoribus</span> <span class='ocrx_word' id='word_1_336' title='bbox 597 2317 722 2351; x_wconf 81' lang='lat' dir='ltr'>seminas,</span> <span class='ocrx_word' id='word_1_337' title='bbox 734 2324 758 2345; x_wconf 87' lang='lat' dir='ltr'>ct</span> <span class='ocrx_word' id='word_1_338' title='bbox 771 2318 815 2355; x_wconf 85' lang='lat' dir='ltr'>qui</span> <span class='ocrx_word' id='word_1_339' title='bbox 828 2319 853 2346; x_wconf 91' lang='lat' dir='ltr'>in</span> <span class='ocrx_word' id='word_1_340' title='bbox 866 2319 936 2357; x_wconf 81' lang='lat' dir='ltr'>ipsas</span> 
     </span>
     <span class='ocr_line' id='line_1_50' title="bbox 224 2362 934 2401; baseline 0 -9"><span class='ocrx_word' id='word_1_341' title='bbox 224 2363 324 2392; x_wconf 85' lang='lat' dir='ltr'>Christi</span> <span class='ocrx_word' id='word_1_342' title='bbox 346 2373 440 2390; x_wconf 81' lang='lat' dir='ltr'>manus</span> <span class='ocrx_word' id='word_1_343' title='bbox 453 2368 593 2399; x_wconf 77' lang='lat' dir='ltr'>argentum</span> <span class='ocrx_word' id='word_1_344' title='bbox 612 2362 733 2399; x_wconf 74' lang='lat' dir='ltr'>jactui-us</span> <span class='ocrx_word' id='word_1_345' title='bbox 757 2373 793 2399; x_wconf 80' lang='lat' dir='ltr'>es,</span> <span class='ocrx_word' id='word_1_346' title='bbox 806 2364 934 2401; x_wconf 79' lang='lat' dir='ltr'>refugere,</span> 
     </span>
     <span class='ocr_line' id='line_1_51' title="bbox 222 2406 935 2448; baseline -0.001 -10"><span class='ocrx_word' id='word_1_347' title='bbox 222 2415 336 2448; x_wconf 77' lang='lat' dir='ltr'>torpere,</span> <span class='ocrx_word' id='word_1_348' title='bbox 353 2415 377 2436; x_wconf 90' lang='lat' dir='ltr'>et</span> <span class='ocrx_word' id='word_1_349' title='bbox 392 2407 509 2445; x_wconf 87' lang='lat' dir='ltr'>inopiam</span> <span class='ocrx_word' id='word_1_350' title='bbox 522 2406 707 2445; x_wconf 65' lang='lat' dir='ltr'>praetendere?</span> <span class='ocrx_word' id='word_1_351' title='bbox 724 2408 817 2436; x_wconf 78' lang='lat' dir='ltr'>Annon</span> <span class='ocrx_word' id='word_1_352' title='bbox 831 2416 935 2447; x_wconf 84' lang='lat' dir='ltr'>poterat</span> 
     </span>
     <span class='ocr_line' id='line_1_52' title="bbox 223 2452 933 2494; baseline -0.003 -10"><span class='ocrx_word' id='word_1_353' title='bbox 223 2457 296 2484; x_wconf 84' lang='lat' dir='ltr'>Deus</span> <span class='ocrx_word' id='word_1_354' title='bbox 307 2454 449 2494; x_wconf 77' lang='lat' dir='ltr'>praecipere</span> <span class='ocrx_word' id='word_1_355' title='bbox 460 2452 558 2488; x_wconf 87' lang='lat' dir='ltr'>telluri⁷</span> <span class='ocrx_word' id='word_1_356' title='bbox 583 2459 612 2480; x_wconf 89' lang='lat' dir='ltr'>ut</span> <span class='ocrx_word' id='word_1_357' title='bbox 631 2453 759 2491; x_wconf 82' lang='lat' dir='ltr'>proferret</span> <span class='ocrx_word' id='word_1_358' title='bbox 773 2464 867 2482; x_wconf 84' lang='lat' dir='ltr'>aurum</span> <span class='ocrx_word' id='word_1_359' title='bbox 879 2466 933 2493; x_wconf 66' lang='lat' dir='ltr'>pu-⁴</span> 
     </span>
    </p>
   </div>
   <div class='ocr_carea' id='block_1_4' title="bbox 78 2498 934 2536">
    <p class='ocr_par' dir='ltr' id='par_1_4' title="bbox 78 2498 934 2536">
     <span class='ocr_line' id='line_1_53' title="bbox 78 2498 934 2536; baseline 0.005 -12"><span class='ocrx_word' id='word_1_360' title='bbox 78 2512 133 2533; x_wconf 70' lang='lat' dir='ltr'>Gen.</span> <span class='ocrx_word' id='word_1_361' title='bbox 148 2517 166 2532; x_wconf 18' lang='lat' dir='ltr'>,A</span> <span class='ocrx_word' id='word_1_362' title='bbox 180 2517 214 2532; x_wconf 67' lang='grc' dir='ltr'>Η,</span> <span class='ocrx_word' id='word_1_363' title='bbox 225 2501 303 2529; x_wconf 75' lang='lat' dir='ltr'>rum?</span> <span class='ocrx_word' id='word_1_364' title='bbox 316 2499 372 2536; x_wconf 87' lang='lat' dir='ltr'>Qui</span> <span class='ocrx_word' id='word_1_365' title='bbox 383 2499 452 2527; x_wconf 90' lang='lat' dir='ltr'>enim</span> <span class='ocrx_word' id='word_1_366' title='bbox 464 2498 545 2534; x_wconf 82' lang='lat' dir='ltr'>dixit,</span> <span class='ocrx_word' id='word_1_367' title='bbox 560 2498 708 2527; x_wconf 66' lang='lat' dir='ltr'>Ger-minet</span> <span class='ocrx_word' id='word_1_368' title='bbox 726 2505 803 2527; x_wconf 77' lang='lat' dir='ltr'>term</span> <span class='ocrx_word' id='word_1_369' title='bbox 816 2500 934 2528; x_wconf 65' lang='lat' dir='ltr'>lter-bam</span> 
     </span>
    </p>
   </div>
   <div class='ocr_carea' id='block_1_5' title="bbox 222 2543 934 2585">
    <p class='ocr_par' dir='ltr' id='par_1_5' title="bbox 222 2543 934 2585">
     <span class='ocr_line' id='line_1_54' title="bbox 222 2543 934 2585; baseline -0.003 -10"><span class='ocrx_word' id='word_1_370' title='bbox 222 2548 306 2585; x_wconf 85' lang='lat' dir='ltr'>foeni,</span> <span class='ocrx_word' id='word_1_371' title='bbox 323 2555 438 2584; x_wconf 82' lang='lat' dir='ltr'>moxque</span> <span class='ocrx_word' id='word_1_372' title='bbox 448 2551 594 2574; x_wconf 84' lang='lat' dir='ltr'>comantem</span> <span class='ocrx_word' id='word_1_373' title='bbox 609 2543 934 2583; x_wconf 81' lang='lat' dir='ltr'>exhibuit,potcrathaud</span> 
     </span>
    </p>
   </div>
   <div class='ocr_carea' id='block_1_6' title="bbox 950 164 1397 195">
    <p class='ocr_par' dir='ltr' id='par_1_6' title="bbox 950 164 1397 195">
     <span class='ocr_line' id='line_1_55' title="bbox 950 164 1397 195; baseline 0.018 -8"><span class='ocrx_word' id='word_1_374' title='bbox 950 164 1104 190; x_wconf 71' lang='lat' dir='ltr'>Anctflffl’.</span> <span class='ocrx_word' id='word_1_375' title='bbox 1133 169 1397 195; x_wconf 72' lang='lat' dir='ltr'>CONSTANTINOP-</span> 
     </span>
    </p>
   </div>
   <div class='ocr_carea' id='block_1_7' title="bbox 981 229 1746 359">
    <p class='ocr_par' dir='ltr' id='par_1_7' title="bbox 981 229 1745 359">
     <span class='ocr_line' id='line_1_56' title="bbox 981 229 1745 272; baseline 0.012 -16"><span class='ocrx_word' id='word_1_376' title='bbox 981 229 1057 266; x_wconf 77' lang='grc' dir='ltr'>ἡμῶν</span> <span class='ocrx_word' id='word_1_377' title='bbox 1073 230 1117 258; x_wconf 81' lang='grc' dir='ltr'>καὶ</span> <span class='ocrx_word' id='word_1_378' title='bbox 1129 242 1174 266; x_wconf 82' lang='grc' dir='ltr'>της</span> <span class='ocrx_word' id='word_1_379' title='bbox 1184 232 1314 272; x_wconf 85' lang='grc' dir='ltr'>ἡμετερας</span> <span class='ocrx_word' id='word_1_380' title='bbox 1324 234 1429 272; x_wconf 82' lang='grc' dir='ltr'>γνώμης</span> <span class='ocrx_word' id='word_1_381' title='bbox 1440 247 1498 267; x_wconf 88' lang='grc' dir='ltr'>τους</span> <span class='ocrx_word' id='word_1_382' title='bbox 1518 235 1551 263; x_wconf 79' lang='grc' dir='ltr'>τὰ</span> <span class='ocrx_word' id='word_1_383' title='bbox 1566 235 1650 264; x_wconf 84' lang='grc' dir='ltr'>αὖτων</span> <span class='ocrx_word' id='word_1_384' title='bbox 1660 237 1745 265; x_wconf 85' lang='grc' dir='ltr'>δαπα-</span> 
     </span>
     <span class='ocr_line' id='line_1_57' title="bbox 983 280 1745 331; baseline 0.01 -30"><span class='ocrx_word' id='word_1_385' title='bbox 983 286 1009 302; x_wconf 89' lang='grc' dir='ltr'>νι</span> <span class='ocrx_word' id='word_1_386' title='bbox 1005 287 1080 307; x_wconf 83' lang='grc' dir='ltr'>1ν-ας</span> <span class='ocrx_word' id='word_1_387' title='bbox 1092 280 1166 305; x_wconf 77' lang='grc' dir='ltr'>τοῦτο</span> <span class='ocrx_word' id='word_1_388' title='bbox 1181 282 1276 306; x_wconf 94' lang='grc' dir='ltr'>ποιεῖν·</span> <span class='ocrx_word' id='word_1_389' title='bbox 1302 280 1382 308; x_wconf 71' lang='grc' dir='ltr'>Κοιιυ</span> <span class='ocrx_word' id='word_1_390' title='bbox 1368 292 1415 319; x_wconf 84' lang='grc' dir='ltr'>ορα</span> <span class='ocrx_word' id='word_1_391' title='bbox 1429 283 1484 312; x_wconf 77' lang='grc' dir='ltr'>πῶς</span> <span class='ocrx_word' id='word_1_392' title='bbox 1499 281 1590 309; x_wconf 74' lang='grc' dir='ltr'>ἑαυτοῦ</span> <span class='ocrx_word' id='word_1_393' title='bbox 1611 285 1745 331; x_wconf 80' lang='grc' dir='ltr'>πανταχοῦ</span> 
     </span>
     <span class='ocr_line' id='line_1_58' title="bbox 984 314 1746 359; baseline 0.012 -19"><span class='ocrx_word' id='word_1_394' title='bbox 984 314 1131 351; x_wconf 65' lang='grc' dir='ltr'>μέμνηται,</span> <span class='ocrx_word' id='word_1_395' title='bbox 1147 317 1547 355; x_wconf 80' lang='grc' dir='ltr'>καιοῦδαμουεπιλανθάνεται·</span> <span class='ocrx_word' id='word_1_396' title='bbox 1565 320 1686 359; x_wconf 70' lang='grc' dir='ltr'>οὐδὲγὰρ</span> <span class='ocrx_word' id='word_1_397' title='bbox 1701 323 1746 349; x_wconf 81' lang='grc' dir='ltr'>ἐν·</span> 
     </span>
    </p>
   </div>
   <div class='ocr_carea' id='block_1_8' title="bbox 982 361 1753 992">
    <p class='ocr_par' dir='ltr' id='par_1_8' title="bbox 982 361 1753 992">
     <span class='ocr_line' id='line_1_59' title="bbox 982 361 1746 403; baseline 0.01 -17"><span class='ocrx_word' id='word_1_398' title='bbox 982 362 1064 388; x_wconf 53' lang='lat' dir='ltr'>*cavoa</span> <span class='ocrx_word' id='word_1_399' title='bbox 1089 361 1194 397; x_wconf 80' lang='grc' dir='ltr'>ἐντολὴν</span> <span class='ocrx_word' id='word_1_400' title='bbox 1217 363 1347 399; x_wconf 82' lang='grc' dir='ltr'>ἐκάλεσεν,</span> <span class='ocrx_word' id='word_1_401' title='bbox 1368 365 1423 393; x_wconf 78' lang='grc' dir='ltr'>οὐδὲ</span> <span class='ocrx_word' id='word_1_402' title='bbox 1448 366 1488 394; x_wconf 77' lang='grc' dir='ltr'>ἕλε</span> <span class='ocrx_word' id='word_1_403' title='bbox 1479 365 1639 403; x_wconf 70' lang='grc' dir='ltr'>εημοσύνην,</span> <span class='ocrx_word' id='word_1_404' title='bbox 1661 365 1746 400; x_wconf 81' lang='grc' dir='ltr'>ἀλλὰ,</span> 
     </span>
     <span class='ocr_line' id='line_1_60' title="bbox 984 406 1747 451; baseline 0.009 -19"><span class='ocrx_word' id='word_1_405' title='bbox 984 406 1066 444; x_wconf 77' lang='grc' dir='ltr'>Χάριν</span> <span class='ocrx_word' id='word_1_406' title='bbox 1077 417 1083 423; x_wconf 86' lang='grc'>·</span> <span class='ocrx_word' id='word_1_407' title='bbox 1095 407 1220 444; x_wconf 73' lang='grc' dir='ltr'>Δδεικνὺς,</span> <span class='ocrx_word' id='word_1_408' title='bbox 1235 408 1276 437; x_wconf 74' lang='grc' dir='ltr'>ὅτι</span> <span class='ocrx_word' id='word_1_409' title='bbox 1305 410 1422 448; x_wconf 80' lang='grc' dir='ltr'>καθάπερ</span> <span class='ocrx_word' id='word_1_410' title='bbox 1446 411 1551 451; x_wconf 73' lang='grc' dir='ltr'>νεκροὺς</span> <span class='ocrx_word' id='word_1_411' title='bbox 1570 411 1688 450; x_wconf 76' lang='grc' dir='ltr'>ἐγείρειν,</span> <span class='ocrx_word' id='word_1_412' title='bbox 1702 411 1747 440; x_wconf 81' lang='grc' dir='ltr'>καὶ</span> 
     </span>
     <span class='ocr_line' id='line_1_61' title="bbox 983 451 1748 496; baseline 0.009 -18"><span class='ocrx_word' id='word_1_413' title='bbox 983 451 1107 489; x_wconf 80' lang='grc' dir='ltr'>δαίμονας</span> <span class='ocrx_word' id='word_1_414' title='bbox 1128 452 1258 491; x_wconf 77' lang='grc' dir='ltr'>ἐλαύνειν,</span> <span class='ocrx_word' id='word_1_415' title='bbox 1283 455 1328 483; x_wconf 80' lang='grc' dir='ltr'>καὶ</span> <span class='ocrx_word' id='word_1_416' title='bbox 1355 456 1465 495; x_wconf 77' lang='grc' dir='ltr'>λεπροὺς</span> <span class='ocrx_word' id='word_1_417' title='bbox 1484 456 1628 495; x_wconf 84' lang='grc' dir='ltr'>καθαίρειν,</span> <span class='ocrx_word' id='word_1_418' title='bbox 1641 457 1748 496; x_wconf 81' lang='grc' dir='ltr'>χάριτος</span> 
     </span>
     <span class='ocr_line' id='line_1_62' title="bbox 983 496 1747 540; baseline 0.009 -17"><span class='ocrx_word' id='word_1_419' title='bbox 983 496 1056 535; x_wconf 77' lang='grc' dir='ltr'>ἔργον</span> <span class='ocrx_word' id='word_1_420' title='bbox 1069 497 1138 525; x_wconf 78' lang='grc' dir='ltr'>ἐστίν</span> <span class='ocrx_word' id='word_1_421' title='bbox 1149 510 1155 515; x_wconf 92' lang='grc'><em>·</em></span> <span class='ocrx_word' id='word_1_422' title='bbox 1167 498 1232 526; x_wconf 78' lang='grc' dir='ltr'>οὕτω</span> <span class='ocrx_word' id='word_1_423' title='bbox 1255 499 1300 528; x_wconf 77' lang='grc' dir='ltr'>καὶ</span> <span class='ocrx_word' id='word_1_424' title='bbox 1319 500 1410 528; x_wconf 82' lang='grc' dir='ltr'>πενίαν</span> <span class='ocrx_word' id='word_1_425' title='bbox 1425 502 1549 540; x_wconf 73' lang='grc' dir='ltr'>διορθοῦν,</span> <span class='ocrx_word' id='word_1_426' title='bbox 1563 502 1608 530; x_wconf 74' lang='grc' dir='ltr'>καὶ</span> <span class='ocrx_word' id='word_1_427' title='bbox 1623 506 1676 534; x_wconf 86' lang='grc' dir='ltr'>τοῖς</span> <span class='ocrx_word' id='word_1_428' title='bbox 1690 502 1747 530; x_wconf 82' lang='grc' dir='ltr'>δεο-</span> 
     </span>
     <span class='ocr_line' id='line_1_63' title="bbox 984 542 1746 586; baseline 0.007 -15"><span class='ocrx_word' id='word_1_429' title='bbox 984 542 1069 579; x_wconf 81' lang='grc' dir='ltr'>μένοις</span> <span class='ocrx_word' id='word_1_430' title='bbox 1095 548 1171 582; x_wconf 79' lang='grc' dir='ltr'>χεῖρα</span> <span class='ocrx_word' id='word_1_431' title='bbox 1197 544 1304 583; x_wconf 76' lang='grc' dir='ltr'>ὀρέγειν,</span> <span class='ocrx_word' id='word_1_432' title='bbox 1327 546 1371 574; x_wconf 79' lang='grc' dir='ltr'>καὶ</span> <span class='ocrx_word' id='word_1_433' title='bbox 1396 548 1485 586; x_wconf 84' lang='grc' dir='ltr'>πολλῷ</span> <span class='ocrx_word' id='word_1_434' title='bbox 1511 549 1608 585; x_wconf 78' lang='grc' dir='ltr'>μᾶλλον</span> <span class='ocrx_word' id='word_1_435' title='bbox 1633 551 1707 576; x_wconf 77' lang='grc' dir='ltr'>τοῦτο</span> <span class='ocrx_word' id='word_1_436' title='bbox 1729 546 1746 582; x_wconf 85' lang='grc' dir='ltr'>ἢ</span> 
     </span>
     <span class='ocr_line' id='line_1_64' title="bbox 983 590 1747 631; baseline 0.005 -15"><span class='ocrx_word' id='word_1_437' title='bbox 983 590 1065 616; x_wconf 81' lang='grc' dir='ltr'>ἐκεῖνο</span> <span class='ocrx_word' id='word_1_438' title='bbox 1077 600 1082 606; x_wconf 91' lang='grc'><em>·</em></span> <span class='ocrx_word' id='word_1_439' title='bbox 1103 590 1160 617; x_wconf 82' lang='grc' dir='ltr'>ἀλλ’</span> <span class='ocrx_word' id='word_1_440' title='bbox 1178 591 1200 617; x_wconf 81' lang='grc' dir='ltr'>εἷ</span> <span class='ocrx_word' id='word_1_441' title='bbox 1213 591 1257 618; x_wconf 77' lang='grc' dir='ltr'>καὶ</span> <span class='ocrx_word' id='word_1_442' title='bbox 1268 590 1345 629; x_wconf 76' lang='grc' dir='ltr'>χάρις</span> <span class='ocrx_word' id='word_1_443' title='bbox 1357 591 1424 628; x_wconf 73' lang='grc' dir='ltr'>ἐστὶ,</span> <span class='ocrx_word' id='word_1_444' title='bbox 1436 592 1480 620; x_wconf 78' lang='grc' dir='ltr'>καὶ</span> <span class='ocrx_word' id='word_1_445' title='bbox 1494 595 1540 627; x_wconf 60' lang='grc' dir='ltr'>τῆς</span> <span class='ocrx_word' id='word_1_446' title='bbox 1554 593 1684 631; x_wconf 77' lang='grc' dir='ltr'>ἡμετέρας</span> <span class='ocrx_word' id='word_1_447' title='bbox 1697 593 1747 621; x_wconf 84' lang='grc' dir='ltr'>δεῖ·</span> 
     </span>
     <span class='ocr_line' id='line_1_65' title="bbox 983 635 1746 677; baseline 0.008 -16"><span class='ocrx_word' id='word_1_448' title='bbox 983 645 1026 661; x_wconf 89' lang='grc' dir='ltr'>ται</span> <span class='ocrx_word' id='word_1_449' title='bbox 1038 635 1151 669; x_wconf 72' lang='grc' dir='ltr'>σπουδῆς</span> <span class='ocrx_word' id='word_1_450' title='bbox 1163 646 1207 663; x_wconf 88' lang='grc' dir='ltr'>και</span> <span class='ocrx_word' id='word_1_451' title='bbox 1218 637 1377 674; x_wconf 83' lang='grc' dir='ltr'>προθυμίας,</span> <span class='ocrx_word' id='word_1_452' title='bbox 1392 636 1435 666; x_wconf 77' lang='grc' dir='ltr'>ἵνα</span> <span class='ocrx_word' id='word_1_453' title='bbox 1451 638 1569 676; x_wconf 77' lang='grc' dir='ltr'>ἑλωμεθα</span> <span class='ocrx_word' id='word_1_454' title='bbox 1582 639 1627 667; x_wconf 70' lang='grc' dir='ltr'>καὶ</span> <span class='ocrx_word' id='word_1_455' title='bbox 1650 640 1746 677; x_wconf 85' lang='grc' dir='ltr'>βουλη-</span> 
     </span>
     <span class='ocr_line' id='line_1_66' title="bbox 984 681 1747 722; baseline 0.008 -15"><span class='ocrx_word' id='word_1_456' title='bbox 984 682 1079 717; x_wconf 84' lang='grc' dir='ltr'>θωμεν,</span> <span class='ocrx_word' id='word_1_457' title='bbox 1101 692 1145 708; x_wconf 86' lang='grc' dir='ltr'>και</span> <span class='ocrx_word' id='word_1_458' title='bbox 1167 692 1213 714; x_wconf 83' lang='grc' dir='ltr'>ττς</span> <span class='ocrx_word' id='word_1_459' title='bbox 1239 681 1346 719; x_wconf 81' lang='grc' dir='ltr'>χάριτος</span> <span class='ocrx_word' id='word_1_460' title='bbox 1362 682 1391 710; x_wconf 81' lang='grc' dir='ltr'>ἀ</span> <span class='ocrx_word' id='word_1_461' title='bbox 1382 682 1446 715; x_wconf 83' lang='grc' dir='ltr'>ίους</span> <span class='ocrx_word' id='word_1_462' title='bbox 1461 683 1566 716; x_wconf 76' lang='grc' dir='ltr'>ἑαυτους</span> <span class='ocrx_word' id='word_1_463' title='bbox 1578 683 1747 722; x_wconf 84' lang='grc' dir='ltr'>παρασκευά-</span> 
     </span>
     <span class='ocr_line' id='line_1_67' title="bbox 984 725 1748 767; baseline 0.008 -15"><span class='ocrx_word' id='word_1_464' title='bbox 984 736 1079 762; x_wconf 85' lang='grc' dir='ltr'>σωμεν.</span> <span class='ocrx_word' id='word_1_465' title='bbox 1100 725 1157 754; x_wconf 81' lang='grc' dir='ltr'>Ἑνὶ</span> <span class='ocrx_word' id='word_1_466' title='bbox 1173 726 1219 763; x_wconf 79' lang='grc' dir='ltr'>μὲν</span> <span class='ocrx_word' id='word_1_467' title='bbox 1244 730 1287 755; x_wconf 82' lang='grc' dir='ltr'>οὖν</span> <span class='ocrx_word' id='word_1_468' title='bbox 1314 727 1375 755; x_wconf 88' lang='grc' dir='ltr'>τού·</span> <span class='ocrx_word' id='word_1_469' title='bbox 1367 741 1397 756; x_wconf 86' lang='grc' dir='ltr'>ω</span> <span class='ocrx_word' id='word_1_470' title='bbox 1423 728 1645 767; x_wconf 77' lang='grc' dir='ltr'>παρεμυθήσατο,</span> <span class='ocrx_word' id='word_1_471' title='bbox 1663 741 1700 767; x_wconf 86' lang='grc' dir='ltr'>τω</span> <span class='ocrx_word' id='word_1_472' title='bbox 1714 729 1748 757; x_wconf 87' lang='grc' dir='ltr'>τα</span> 
     </span>
     <span class='ocr_line' id='line_1_68' title="bbox 983 757 1748 814; baseline 0.007 -16"><span class='ocrx_word' id='word_1_473' title='bbox 983 771 1130 809; x_wconf 83' lang='grc' dir='ltr'>γράμματα</span> <span class='ocrx_word' id='word_1_474' title='bbox 1156 783 1232 801; x_wconf 89' lang='grc' dir='ltr'>αυτου</span> <span class='ocrx_word' id='word_1_475' title='bbox 1256 785 1287 801; x_wconf 86' lang='grc' dir='ltr'>πε</span> <span class='ocrx_word' id='word_1_476' title='bbox 1291 785 1368 810; x_wconf 86' lang='grc' dir='ltr'>μπειν</span> <span class='ocrx_word' id='word_1_477' title='bbox 1397 776 1454 811; x_wconf 86' lang='grc' dir='ltr'>μετ’</span> <span class='ocrx_word' id='word_1_478' title='bbox 1471 775 1592 803; x_wconf 82' lang='grc' dir='ltr'>ἐκείνων·</span> <span class='ocrx_word' id='word_1_479' title='bbox 1616 757 1696 814; x_wconf 62' lang='lat' dir='ltr'>{te&#39;pqi</span> <span class='ocrx_word' id='word_1_480' title='bbox 1721 774 1748 803; x_wconf 77' lang='grc' dir='ltr'>δὲ</span> 
     </span>
     <span class='ocr_line' id='line_1_69' title="bbox 985 815 1748 858; baseline 0.007 -15"><span class='ocrx_word' id='word_1_481' title='bbox 985 815 1082 853; x_wconf 83' lang='grc' dir='ltr'>μείζονι</span> <span class='ocrx_word' id='word_1_482' title='bbox 1103 819 1147 845; x_wconf 78' lang='grc' dir='ltr'>τοῦ</span> <span class='ocrx_word' id='word_1_483' title='bbox 1164 818 1290 857; x_wconf 73' lang='grc' dir='ltr'>προτέρου</span> <span class='ocrx_word' id='word_1_484' title='bbox 1311 819 1406 854; x_wconf 77' lang='grc' dir='ltr'>πάλιν,</span> <span class='ocrx_word' id='word_1_485' title='bbox 1422 821 1458 858; x_wconf 80' lang='grc' dir='ltr'>τῷ</span> <span class='ocrx_word' id='word_1_486' title='bbox 1475 820 1519 848; x_wconf 81' lang='grc' dir='ltr'>καὶ</span> <span class='ocrx_word' id='word_1_487' title='bbox 1538 820 1614 849; x_wconf 77' lang='grc' dir='ltr'>αὐτὸν</span> <span class='ocrx_word' id='word_1_488' title='bbox 1630 820 1748 858; x_wconf 80' lang='grc' dir='ltr'>ὑποσχέ-</span> 
     </span>
     <span class='ocr_line' id='line_1_70' title="bbox 1683 865 1748 894; baseline -0.031 0"><span class='ocrx_word' id='word_1_489' title='bbox 1683 865 1748 894; x_wconf 79' lang='grc' dir='ltr'>Ἐὰν</span> 
     </span>
     <span class='ocr_line' id='line_1_71' title="bbox 986 904 1753 950; baseline 0.005 -15"><span class='ocrx_word' id='word_1_490' title='bbox 986 904 1064 946; x_wconf 52' lang='grc' dir='ltr'>γόιρζῗΙ</span> <span class='ocrx_word' id='word_1_491' title='bbox 1081 908 1159 942; x_wconf 76' lang='grc' dir='ltr'>ἄξιον,</span> <span class='ocrx_word' id='word_1_492' title='bbox 1173 908 1253 947; x_wconf 74' lang='grc' dir='ltr'>φησὶ,</span> <span class='ocrx_word' id='word_1_493' title='bbox 1275 911 1320 937; x_wconf 69' lang='grc' dir='ltr'>τοῦ</span> <span class='ocrx_word' id='word_1_494' title='bbox 1347 909 1416 947; x_wconf 77' lang='grc' dir='ltr'>κάμὲ</span> <span class='ocrx_word' id='word_1_495' title='bbox 1443 910 1611 950; x_wconf 86' lang='grc' dir='ltr'>πορεύεσθαι,</span> <span class='ocrx_word' id='word_1_496' title='bbox 1624 910 1670 939; x_wconf 81' lang='grc' dir='ltr'>σὺν</span> <span class='ocrx_word' id='word_1_497' title='bbox 1694 911 1753 948; x_wconf 81' lang='grc' dir='ltr'>ἐμοὶ</span> 
     </span>
     <span class='ocr_line' id='line_1_72' title="bbox 986 954 1753 992; baseline 0.005 -11"><span class='ocrx_word' id='word_1_498' title='bbox 986 954 1165 992; x_wconf 71' lang='grc' dir='ltr'>πορεύσονται.</span> <span class='ocrx_word' id='word_1_499' title='bbox 1181 955 1232 982; x_wconf 78' lang='grc' dir='ltr'>Καὶ</span> <span class='ocrx_word' id='word_1_500' title='bbox 1255 955 1346 984; x_wconf 76' lang='grc' dir='ltr'>σκόπει</span> <span class='ocrx_word' id='word_1_501' title='bbox 1365 958 1498 984; x_wconf 74' lang='grc' dir='ltr'>κάνταῦθα</span> <span class='ocrx_word' id='word_1_502' title='bbox 1522 959 1598 985; x_wconf 73' lang='grc' dir='ltr'>αὐτοῦ</span> <span class='ocrx_word' id='word_1_503' title='bbox 1621 956 1667 991; x_wconf 78' lang='grc' dir='ltr'>τὴν</span> <span class='ocrx_word' id='word_1_504' title='bbox 1681 957 1753 985; x_wconf 83' lang='grc' dir='ltr'>σύνε-</span> 
     </span>
    </p>
   </div>
   <div class='ocr_carea' id='block_1_9' title="bbox 985 863 1665 900">
    <p class='ocr_par' dir='ltr' id='par_1_9' title="bbox 985 863 1665 900">
     <span class='ocr_line' id='line_1_73' title="bbox 985 863 1665 900; baseline 0.006 -10"><span class='ocrx_word' id='word_1_505' title='bbox 985 864 1046 890; x_wconf 83' lang='grc' dir='ltr'>σθαι</span> <span class='ocrx_word' id='word_1_506' title='bbox 1060 864 1107 896; x_wconf 67' lang='grc' dir='ltr'>τῆς</span> <span class='ocrx_word' id='word_1_507' title='bbox 1122 863 1272 900; x_wconf 78' lang='grc' dir='ltr'>ἀποδημίας</span> <span class='ocrx_word' id='word_1_508' title='bbox 1284 863 1378 899; x_wconf 74' lang='grc' dir='ltr'>ταύτης</span> <span class='ocrx_word' id='word_1_509' title='bbox 1386 865 1551 900; x_wconf 74' lang='grc' dir='ltr'>κοινωνήσειν</span> <span class='ocrx_word' id='word_1_510' title='bbox 1565 867 1650 898; x_wconf 83' lang='grc' dir='ltr'>αὐτοῖς</span> <span class='ocrx_word' id='word_1_511' title='bbox 1660 877 1665 883; x_wconf 89' lang='grc'><em>·</em></span> 
     </span>
    </p>
   </div>
   <div class='ocr_carea' id='block_1_10' title="bbox 987 997 1756 2580">
    <p class='ocr_par' dir='ltr' id='par_1_10' title="bbox 987 997 1756 2580">
     <span class='ocr_line' id='line_1_74' title="bbox 988 997 1754 1040; baseline 0.005 -15"><span class='ocrx_word' id='word_1_512' title='bbox 988 1009 1037 1025; x_wconf 90' lang='grc' dir='ltr'>σιν.</span> <span class='ocrx_word' id='word_1_513' title='bbox 1055 997 1123 1026; x_wconf 79' lang='grc' dir='ltr'>Οὔτε</span> <span class='ocrx_word' id='word_1_514' title='bbox 1136 998 1186 1036; x_wconf 70' lang='grc' dir='ltr'>γὰρ</span> <span class='ocrx_word' id='word_1_515' title='bbox 1209 999 1341 1036; x_wconf 76' lang='grc' dir='ltr'>ἠρνήσατο</span> <span class='ocrx_word' id='word_1_516' title='bbox 1362 1000 1532 1035; x_wconf 76' lang='grc' dir='ltr'>συναπιέναι,</span> <span class='ocrx_word' id='word_1_517' title='bbox 1546 1000 1603 1029; x_wconf 84' lang='grc' dir='ltr'>οὔτε</span> <span class='ocrx_word' id='word_1_518' title='bbox 1625 1000 1754 1040; x_wconf 77' lang='grc' dir='ltr'>ὑπέσχετο</span> 
     </span>
     <span class='ocr_line' id='line_1_75' title="bbox 988 1042 1755 1085; baseline 0.007 -16"><span class='ocrx_word' id='word_1_519' title='bbox 988 1042 1121 1078; x_wconf 72' lang='grc' dir='ltr'>καθάπαξ,</span> <span class='ocrx_word' id='word_1_520' title='bbox 1137 1043 1204 1071; x_wconf 76' lang='grc' dir='ltr'>ἀλλὰ</span> <span class='ocrx_word' id='word_1_521' title='bbox 1218 1044 1297 1071; x_wconf 83' lang='grc' dir='ltr'>πάλιν</span> <span class='ocrx_word' id='word_1_522' title='bbox 1313 1046 1345 1082; x_wconf 81' lang='grc' dir='ltr'>τῇ</span> <span class='ocrx_word' id='word_1_523' title='bbox 1364 1047 1414 1072; x_wconf 81' lang='grc' dir='ltr'>τῶν</span> <span class='ocrx_word' id='word_1_524' title='bbox 1431 1045 1553 1073; x_wconf 75' lang='grc' dir='ltr'>διδόντων</span> <span class='ocrx_word' id='word_1_525' title='bbox 1567 1045 1658 1085; x_wconf 78' lang='grc' dir='ltr'>γνώμῃ</span> <span class='ocrx_word' id='word_1_526' title='bbox 1680 1049 1755 1074; x_wconf 80' lang='grc' dir='ltr'>τοῦτο</span> 
     </span>
     <span class='ocr_line' id='line_1_76' title="bbox 988 1088 1755 1130; baseline 0.008 -15"><span class='ocrx_word' id='word_1_527' title='bbox 988 1088 1126 1127; x_wconf 77' lang='grc' dir='ltr'>ἐπέτρεψε,</span> <span class='ocrx_word' id='word_1_528' title='bbox 1143 1088 1187 1116; x_wconf 79' lang='grc' dir='ltr'>καὶ</span> <span class='ocrx_word' id='word_1_529' title='bbox 1209 1089 1310 1127; x_wconf 81' lang='grc' dir='ltr'>κυρίους</span> <span class='ocrx_word' id='word_1_530' title='bbox 1324 1089 1414 1122; x_wconf 71' lang='grc' dir='ltr'>αὐτοὺς</span> <span class='ocrx_word' id='word_1_531' title='bbox 1429 1090 1534 1125; x_wconf 79' lang='grc' dir='ltr'>ἐποίησε</span> <span class='ocrx_word' id='word_1_532' title='bbox 1545 1094 1592 1126; x_wconf 68' lang='grc' dir='ltr'>τῆς</span> <span class='ocrx_word' id='word_1_533' title='bbox 1607 1092 1755 1130; x_wconf 72' lang='grc' dir='ltr'>ἀποδημίας</span> 
     </span>
     <span class='ocr_line' id='line_1_77' title="bbox 988 1133 1756 1174; baseline 0.007 -13"><span class='ocrx_word' id='word_1_534' title='bbox 988 1136 1034 1168; x_wconf 68' lang='grc' dir='ltr'>τῆς</span> <span class='ocrx_word' id='word_1_535' title='bbox 1048 1136 1155 1168; x_wconf 57' lang='grc' dir='ltr'>ἑαυτιῧ,</span> <span class='ocrx_word' id='word_1_536' title='bbox 1172 1133 1346 1172; x_wconf 74' lang='grc' dir='ltr'>ἐνδειξάμενος</span> <span class='ocrx_word' id='word_1_537' title='bbox 1356 1135 1396 1164; x_wconf 78' lang='grc' dir='ltr'>ὅτι</span> <span class='ocrx_word' id='word_1_538' title='bbox 1411 1137 1433 1164; x_wconf 85' lang='grc' dir='ltr'>εἷ</span> <span class='ocrx_word' id='word_1_539' title='bbox 1448 1136 1554 1174; x_wconf 76' lang='grc' dir='ltr'>δαψιλὲς</span> <span class='ocrx_word' id='word_1_540' title='bbox 1574 1137 1615 1172; x_wconf 84' lang='grc' dir='ltr'>εἴη</span> <span class='ocrx_word' id='word_1_541' title='bbox 1634 1138 1664 1166; x_wconf 85' lang='grc' dir='ltr'>τὸ</span> <span class='ocrx_word' id='word_1_542' title='bbox 1683 1138 1756 1167; x_wconf 84' lang='grc' dir='ltr'>δεδο-</span> 
     </span>
     <span class='ocr_line' id='line_1_78' title="bbox 989 1179 1755 1218; baseline 0.007 -11"><span class='ocrx_word' id='word_1_543' title='bbox 989 1179 1065 1217; x_wconf 75' lang='grc' dir='ltr'>μένον</span> <span class='ocrx_word' id='word_1_544' title='bbox 1080 1180 1125 1208; x_wconf 77' lang='grc' dir='ltr'>καὶ</span> <span class='ocrx_word' id='word_1_545' title='bbox 1139 1183 1259 1210; x_wconf 77' lang='grc' dir='ltr'>τοσοῦτον</span> <span class='ocrx_word' id='word_1_546' title='bbox 1276 1183 1310 1214; x_wconf 80' lang='grc' dir='ltr'>ὡς</span> <span class='ocrx_word' id='word_1_547' title='bbox 1324 1181 1369 1209; x_wconf 70' lang='grc' dir='ltr'>καὶ</span> <span class='ocrx_word' id='word_1_548' title='bbox 1384 1181 1459 1218; x_wconf 64' lang='grc' dir='ltr'>αὐτον</span> <span class='ocrx_word' id='word_1_549' title='bbox 1475 1182 1647 1216; x_wconf 75' lang='grc' dir='ltr'>διαναστῆσαι</span> <span class='ocrx_word' id='word_1_550' title='bbox 1659 1205 1667 1218; x_wconf 89' lang='grc'>,</span> <span class='ocrx_word' id='word_1_551' title='bbox 1687 1183 1755 1212; x_wconf 81' lang='grc' dir='ltr'>πάν-</span> 
     </span>
     <span class='ocr_line' id='line_1_79' title="bbox 987 1223 1755 1266; baseline 0.007 -15"><span class='ocrx_word' id='word_1_552' title='bbox 987 1235 1038 1256; x_wconf 87' lang='grc' dir='ltr'>τως</span> <span class='ocrx_word' id='word_1_553' title='bbox 1056 1223 1149 1263; x_wconf 71' lang='grc' dir='ltr'>ἅψεται</span> <span class='ocrx_word' id='word_1_554' title='bbox 1174 1225 1220 1258; x_wconf 81' lang='grc' dir='ltr'>τ’ἧς</span> <span class='ocrx_word' id='word_1_555' title='bbox 1243 1224 1313 1252; x_wconf 78' lang='grc' dir='ltr'>ὁδοῦ.</span> <span class='ocrx_word' id='word_1_556' title='bbox 1332 1224 1371 1253; x_wconf 82' lang='grc' dir='ltr'>Τὸ</span> <span class='ocrx_word' id='word_1_557' title='bbox 1385 1225 1436 1264; x_wconf 78' lang='grc' dir='ltr'>γὰρ</span> <span class='ocrx_word' id='word_1_558' title='bbox 1456 1227 1548 1260; x_wconf 81' lang='grc' dir='ltr'>εἰπεῖν,</span> <span class='ocrx_word' id='word_1_559' title='bbox 1562 1227 1626 1255; x_wconf 74' lang='grc' dir='ltr'>Ἐὰν</span> <span class='ocrx_word' id='word_1_560' title='bbox 1642 1223 1660 1266; x_wconf 70' lang='grc' dir='ltr'>ᾖ</span> <span class='ocrx_word' id='word_1_561' title='bbox 1675 1227 1755 1263; x_wconf 82' lang='grc' dir='ltr'>ἄξιον,</span> 
     </span>
     <span class='ocr_line' id='line_1_80' title="bbox 990 1267 1754 1309; baseline 0.005 -12"><span class='ocrx_word' id='word_1_562' title='bbox 990 1269 1066 1298; x_wconf 78' lang='grc' dir='ltr'>τοῦτό</span> <span class='ocrx_word' id='word_1_563' title='bbox 1088 1271 1157 1298; x_wconf 79' lang='grc' dir='ltr'>ἔστιν</span> <span class='ocrx_word' id='word_1_564' title='bbox 1180 1269 1367 1307; x_wconf 66' lang='grc' dir='ltr'>αἰνιττομένου.</span> <span class='ocrx_word' id='word_1_565' title='bbox 1383 1271 1416 1299; x_wconf 80' lang='grc' dir='ltr'>Εἰ</span> <span class='ocrx_word' id='word_1_566' title='bbox 1441 1270 1487 1309; x_wconf 81' lang='grc' dir='ltr'>μὲν</span> <span class='ocrx_word' id='word_1_567' title='bbox 1511 1267 1554 1299; x_wconf 67' lang='grc' dir='ltr'>οἶν</span> <span class='ocrx_word' id='word_1_568' title='bbox 1576 1272 1687 1301; x_wconf 87' lang='grc' dir='ltr'>καθόλου</span> <span class='ocrx_word' id='word_1_569' title='bbox 1706 1272 1754 1308; x_wconf 84' lang='grc' dir='ltr'>τὴν</span> 
     </span>
     <span class='ocr_line' id='line_1_81' title="bbox 989 1314 1755 1356; baseline 0.007 -14"><span class='ocrx_word' id='word_1_570' title='bbox 989 1314 1138 1352; x_wconf 80' lang='grc' dir='ltr'>ἀποδημίαν</span> <span class='ocrx_word' id='word_1_571' title='bbox 1156 1314 1252 1350; x_wconf 80' lang='grc' dir='ltr'>ταύτην</span> <span class='ocrx_word' id='word_1_572' title='bbox 1266 1315 1590 1356; x_wconf 79' lang='grc' dir='ltr'>ἧρνήσατο,ἀθυμοτε’ρους</span> <span class='ocrx_word' id='word_1_573' title='bbox 1606 1318 1635 1346; x_wconf 86' lang='grc' dir='ltr'>ἂν</span> <span class='ocrx_word' id='word_1_574' title='bbox 1648 1318 1755 1353; x_wconf 77' lang='grc' dir='ltr'>ἐποίησε</span> 
     </span>
     <span class='ocr_line' id='line_1_82' title="bbox 989 1360 1754 1402; baseline 0.005 -14"><span class='ocrx_word' id='word_1_575' title='bbox 989 1360 1035 1389; x_wconf 72' lang='grc' dir='ltr'>καὶ</span> <span class='ocrx_word' id='word_1_576' title='bbox 1048 1360 1231 1399; x_wconf 80' lang='grc' dir='ltr'>ὀκνηροτέρους</span> <span class='ocrx_word' id='word_1_577' title='bbox 1246 1362 1352 1393; x_wconf 74' lang='grc' dir='ltr'>αὐτούς·</span> <span class='ocrx_word' id='word_1_578' title='bbox 1370 1362 1448 1389; x_wconf 84' lang='grc' dir='ltr'>πάλιν</span> <span class='ocrx_word' id='word_1_579' title='bbox 1465 1363 1487 1390; x_wconf 84' lang='grc' dir='ltr'>εἷ</span> <span class='ocrx_word' id='word_1_580' title='bbox 1511 1363 1663 1400; x_wconf 68' lang='grc' dir='ltr'>ἀμφιέόλως</span> <span class='ocrx_word' id='word_1_581' title='bbox 1680 1366 1754 1402; x_wconf 82' lang='grc' dir='ltr'>ὡμο-</span> 
     </span>
     <span class='ocr_line' id='line_1_83' title="bbox 988 1405 1754 1447; baseline 0.007 -14"><span class='ocrx_word' id='word_1_582' title='bbox 988 1405 1085 1444; x_wconf 81' lang='grc' dir='ltr'>λόγησε</span> <span class='ocrx_word' id='word_1_583' title='bbox 1112 1405 1156 1434; x_wconf 80' lang='grc' dir='ltr'>καὶ</span> <span class='ocrx_word' id='word_1_584' title='bbox 1180 1405 1323 1444; x_wconf 81' lang='grc' dir='ltr'>ὑπέσχετο,</span> <span class='ocrx_word' id='word_1_585' title='bbox 1339 1406 1527 1446; x_wconf 70' lang='grc' dir='ltr'>ῥᾳθυμοτέρως</span> <span class='ocrx_word' id='word_1_586' title='bbox 1551 1408 1580 1435; x_wconf 83' lang='grc' dir='ltr'>ἂν</span> <span class='ocrx_word' id='word_1_587' title='bbox 1606 1409 1754 1447; x_wconf 83' lang='grc' dir='ltr'>εἰργάσατο.</span> 
     </span>
     <span class='ocr_line' id='line_1_84' title="bbox 989 1451 1755 1490; baseline 0.005 -11"><span class='ocrx_word' id='word_1_588' title='bbox 989 1451 1040 1479; x_wconf 80' lang='grc' dir='ltr'>Διὰ</span> <span class='ocrx_word' id='word_1_589' title='bbox 1066 1451 1097 1486; x_wconf 79' lang='grc' dir='ltr'>δὴ</span> <span class='ocrx_word' id='word_1_590' title='bbox 1119 1455 1195 1480; x_wconf 79' lang='grc' dir='ltr'>τοῦτο</span> <span class='ocrx_word' id='word_1_591' title='bbox 1218 1451 1275 1479; x_wconf 85' lang='grc' dir='ltr'>οὔτε</span> <span class='ocrx_word' id='word_1_592' title='bbox 1298 1452 1455 1490; x_wconf 81' lang='grc' dir='ltr'>ἀπαγορεύει</span> <span class='ocrx_word' id='word_1_593' title='bbox 1470 1453 1596 1489; x_wconf 77' lang='grc' dir='ltr'>καθόλου,</span> <span class='ocrx_word' id='word_1_594' title='bbox 1619 1454 1676 1483; x_wconf 85' lang='grc' dir='ltr'>οὔτε</span> <span class='ocrx_word' id='word_1_595' title='bbox 1695 1457 1755 1484; x_wconf 77' lang='grc' dir='ltr'>ὑπι-</span> 
     </span>
     <span class='ocr_line' id='line_1_85' title="bbox 989 1496 1756 1538; baseline 0.005 -14"><span class='ocrx_word' id='word_1_596' title='bbox 989 1500 1120 1535; x_wconf 72' lang='grc' dir='ltr'>σχνεῖται·</span> <span class='ocrx_word' id='word_1_597' title='bbox 1136 1497 1193 1525; x_wconf 80' lang='grc' dir='ltr'>ἀλλ’</span> <span class='ocrx_word' id='word_1_598' title='bbox 1210 1496 1252 1525; x_wconf 76' lang='grc' dir='ltr'>ἐπὶ</span> <span class='ocrx_word' id='word_1_599' title='bbox 1277 1498 1309 1533; x_wconf 80' lang='grc' dir='ltr'>τῇ</span> <span class='ocrx_word' id='word_1_600' title='bbox 1336 1496 1428 1535; x_wconf 77' lang='grc' dir='ltr'>γνώμῃ</span> <span class='ocrx_word' id='word_1_601' title='bbox 1452 1500 1504 1526; x_wconf 77' lang='grc' dir='ltr'>τῶν</span> <span class='ocrx_word' id='word_1_602' title='bbox 1522 1499 1663 1538; x_wconf 79' lang='grc' dir='ltr'>Κορινθίων</span> <span class='ocrx_word' id='word_1_603' title='bbox 1679 1502 1756 1529; x_wconf 74' lang='grc' dir='ltr'>τοῦτο</span> 
     </span>
     <span class='ocr_line' id='line_1_86' title="bbox 988 1538 1754 1583; baseline 0.004 -13"><span class='ocrx_word' id='word_1_604' title='bbox 988 1547 1072 1577; x_wconf 88' lang='grc' dir='ltr'>ποιεῖ,</span> <span class='ocrx_word' id='word_1_605' title='bbox 1088 1541 1177 1577; x_wconf 79' lang='grc' dir='ltr'>εἰπὼν,</span> <span class='ocrx_word' id='word_1_606' title='bbox 1193 1541 1257 1570; x_wconf 81' lang='grc' dir='ltr'>Ἐὰν</span> <span class='ocrx_word' id='word_1_607' title='bbox 1284 1542 1310 1571; x_wconf 75' lang='grc' dir='ltr'>δὲ</span> <span class='ocrx_word' id='word_1_608' title='bbox 1336 1538 1352 1580; x_wconf 72' lang='grc' dir='ltr'>ᾗ</span> <span class='ocrx_word' id='word_1_609' title='bbox 1375 1542 1456 1575; x_wconf 80' lang='grc' dir='ltr'>ἄξιον.</span> <span class='ocrx_word' id='word_1_610' title='bbox 1478 1543 1623 1577; x_wconf 81' lang='grc' dir='ltr'>Ἀκούοντες</span> <span class='ocrx_word' id='word_1_611' title='bbox 1643 1544 1693 1583; x_wconf 79' lang='grc' dir='ltr'>γὰρ</span> <span class='ocrx_word' id='word_1_612' title='bbox 1715 1545 1754 1573; x_wconf 79' lang='grc' dir='ltr'>ὅτι</span> 
     </span>
     <span class='ocr_line' id='line_1_87' title="bbox 988 1587 1755 1630; baseline 0.005 -15"><span class='ocrx_word' id='word_1_613' title='bbox 988 1588 1094 1621; x_wconf 77' lang='grc' dir='ltr'>Παῦλος</span> <span class='ocrx_word' id='word_1_614' title='bbox 1121 1587 1212 1625; x_wconf 79' lang='grc' dir='ltr'>μέλλει</span> <span class='ocrx_word' id='word_1_615' title='bbox 1238 1587 1286 1622; x_wconf 85' lang='grc' dir='ltr'>τὴν</span> <span class='ocrx_word' id='word_1_616' title='bbox 1313 1587 1462 1628; x_wconf 63' lang='grc' dir='ltr'>προσφορὰν</span> <span class='ocrx_word' id='word_1_617' title='bbox 1487 1590 1572 1617; x_wconf 80' lang='grc' dir='ltr'>αὐτῶν</span> <span class='ocrx_word' id='word_1_618' title='bbox 1599 1590 1755 1630; x_wconf 70' lang='grc' dir='ltr'>ἀποφέρειν,</span> 
     </span>
     <span class='ocr_line' id='line_1_88' title="bbox 989 1633 1755 1675; baseline 0.007 -14"><span class='ocrx_word' id='word_1_619' title='bbox 989 1633 1089 1662; x_wconf 84' lang='grc' dir='ltr'>πλείονι</span> <span class='ocrx_word' id='word_1_620' title='bbox 1113 1633 1246 1674; x_wconf 75' lang='grc' dir='ltr'>προθυμία</span> <span class='ocrx_word' id='word_1_621' title='bbox 1260 1633 1304 1662; x_wconf 74' lang='grc' dir='ltr'>καὶ</span> <span class='ocrx_word' id='word_1_622' title='bbox 1327 1635 1425 1672; x_wconf 81' lang='grc' dir='ltr'>σπουδῇ</span> <span class='ocrx_word' id='word_1_623' title='bbox 1453 1634 1517 1673; x_wconf 84' lang='grc' dir='ltr'>πρὸς</span> <span class='ocrx_word' id='word_1_624' title='bbox 1531 1635 1560 1663; x_wconf 85' lang='grc' dir='ltr'>τὸ</span> <span class='ocrx_word' id='word_1_625' title='bbox 1574 1641 1685 1675; x_wconf 81' lang='grc' dir='ltr'>πρᾶγμα</span> <span class='ocrx_word' id='word_1_626' title='bbox 1700 1637 1755 1666; x_wconf 72' lang='grc' dir='ltr'>ἔχε’-</span> 
     </span>
     <span class='ocr_line' id='line_1_89' title="bbox 989 1678 1754 1718; baseline 0.005 -11"><span class='ocrx_word' id='word_1_627' title='bbox 989 1690 1101 1718; x_wconf 77' lang='grc' dir='ltr'>χρηντο·</span> <span class='ocrx_word' id='word_1_628' title='bbox 1115 1678 1182 1707; x_wconf 80' lang='grc' dir='ltr'>ὥστε</span> <span class='ocrx_word' id='word_1_629' title='bbox 1203 1678 1249 1711; x_wconf 79' lang='grc' dir='ltr'>τὰς</span> <span class='ocrx_word' id='word_1_630' title='bbox 1268 1678 1343 1717; x_wconf 80' lang='grc' dir='ltr'>ἁγίας</span> <span class='ocrx_word' id='word_1_631' title='bbox 1366 1683 1456 1717; x_wconf 79' lang='grc' dir='ltr'>χεῖρας</span> <span class='ocrx_word' id='word_1_632' title='bbox 1475 1680 1573 1713; x_wconf 79' lang='grc' dir='ltr'>ἐκείνας</span> <span class='ocrx_word' id='word_1_633' title='bbox 1597 1682 1754 1717; x_wconf 80' lang='grc' dir='ltr'>διακονήσα-</span> 
     </span>
     <span class='ocr_line' id='line_1_90' title="bbox 990 1724 1754 1763; baseline 0.004 -11"><span class='ocrx_word' id='word_1_634' title='bbox 990 1727 1050 1753; x_wconf 86' lang='grc' dir='ltr'>σθαι</span> <span class='ocrx_word' id='word_1_635' title='bbox 1071 1729 1124 1756; x_wconf 91' lang='grc' dir='ltr'>τοῖς</span> <span class='ocrx_word' id='word_1_636' title='bbox 1153 1724 1312 1762; x_wconf 79' lang='grc' dir='ltr'>διδομένοις,</span> <span class='ocrx_word' id='word_1_637' title='bbox 1341 1725 1386 1752; x_wconf 73' lang='grc' dir='ltr'>καὶ</span> <span class='ocrx_word' id='word_1_638' title='bbox 1410 1724 1456 1756; x_wconf 81' lang='grc' dir='ltr'>τὰς</span> <span class='ocrx_word' id='word_1_639' title='bbox 1482 1725 1559 1763; x_wconf 74' lang='grc' dir='ltr'>εὐχὰς</span> <span class='ocrx_word' id='word_1_640' title='bbox 1586 1726 1633 1758; x_wconf 84' lang='grc' dir='ltr'>τὰς</span> <span class='ocrx_word' id='word_1_641' title='bbox 1656 1727 1754 1756; x_wconf 77' lang='grc' dir='ltr'>ἐκείνου</span> 
     </span>
     <span class='ocr_line' id='line_1_91' title="bbox 989 1769 1755 1811; baseline 0.005 -13"><span class='ocrx_word' id='word_1_642' title='bbox 989 1772 1163 1809; x_wconf 69' lang='grc' dir='ltr'>προστεθῆναι</span> <span class='ocrx_word' id='word_1_643' title='bbox 1182 1772 1214 1807; x_wconf 78' lang='grc' dir='ltr'>τῇ</span> <span class='ocrx_word' id='word_1_644' title='bbox 1239 1769 1314 1807; x_wconf 81' lang='grc' dir='ltr'>θυσίᾳ</span> <span class='ocrx_word' id='word_1_645' title='bbox 1335 1769 1430 1809; x_wconf 80' lang='grc' dir='ltr'>ταύτῃ.</span> <span class='ocrx_word' id='word_1_646' title='bbox 1454 1771 1486 1799; x_wconf 74' lang='lat' dir='ltr'>Ei</span> <span class='ocrx_word' id='word_1_647' title='bbox 1512 1770 1538 1799; x_wconf 79' lang='grc' dir='ltr'>δὲ</span> <span class='ocrx_word' id='word_1_648' title='bbox 1563 1771 1662 1811; x_wconf 82' lang='grc' dir='ltr'>Παύλῳ</span> <span class='ocrx_word' id='word_1_649' title='bbox 1684 1773 1755 1802; x_wconf 75' lang='grc' dir='ltr'>διδό·</span> 
     </span>
     <span class='ocr_line' id='line_1_92' title="bbox 988 1815 1755 1856; baseline 0.004 -12"><span class='ocrx_word' id='word_1_650' title='bbox 988 1828 1031 1844; x_wconf 87' lang='grc' dir='ltr'>ναι</span> <span class='ocrx_word' id='word_1_651' title='bbox 1054 1817 1191 1853; x_wconf 80' lang='grc' dir='ltr'>μέλλοντες</span> <span class='ocrx_word' id='word_1_652' title='bbox 1216 1817 1240 1843; x_wconf 85' lang='grc' dir='ltr'>οἷ</span> <span class='ocrx_word' id='word_1_653' title='bbox 1260 1815 1390 1854; x_wconf 77' lang='grc' dir='ltr'>Κορίνθιοι</span> <span class='ocrx_word' id='word_1_654' title='bbox 1416 1815 1484 1844; x_wconf 76' lang='grc' dir='ltr'>ὥστε</span> <span class='ocrx_word' id='word_1_655' title='bbox 1507 1817 1671 1854; x_wconf 77' lang='grc' dir='ltr'>διακομίσαι,</span> <span class='ocrx_word' id='word_1_656' title='bbox 1688 1818 1755 1856; x_wconf 83' lang='grc' dir='ltr'>μετὰ</span> 
     </span>
     <span class='ocr_line' id='line_1_93' title="bbox 988 1860 1754 1900; baseline 0.004 -11"><span class='ocrx_word' id='word_1_657' title='bbox 988 1860 1105 1893; x_wconf 86' lang='grc' dir='ltr'>πλείονος</span> <span class='ocrx_word' id='word_1_658' title='bbox 1116 1863 1191 1889; x_wconf 71' lang='grc' dir='ltr'>τοῦτο</span> <span class='ocrx_word' id='word_1_659' title='bbox 1202 1860 1305 1888; x_wconf 81' lang='grc' dir='ltr'>ἐποίουν</span> <span class='ocrx_word' id='word_1_660' title='bbox 1319 1862 1366 1894; x_wconf 81' lang='grc' dir='ltr'>τ’ἧς</span> <span class='ocrx_word' id='word_1_661' title='bbox 1380 1861 1525 1899; x_wconf 85' lang='grc' dir='ltr'>προθυμίας</span> <span class='ocrx_word' id='word_1_662' title='bbox 1534 1873 1540 1878; x_wconf 94' lang='grc'>·</span> <span class='ocrx_word' id='word_1_663' title='bbox 1556 1861 1587 1890; x_wconf 68' lang='grc' dir='ltr'>σὺ</span> <span class='ocrx_word' id='word_1_664' title='bbox 1597 1865 1635 1900; x_wconf 83' lang='grc' dir='ltr'>τῷ</span> <span class='ocrx_word' id='word_1_665' title='bbox 1647 1863 1754 1892; x_wconf 80' lang='grc' dir='ltr'>Παύλου</span> 
     </span>
     <span class='ocr_line' id='line_1_94' title="bbox 990 1906 1755 1944; baseline 0.004 -10"><span class='ocrx_word' id='word_1_666' title='bbox 990 1906 1121 1944; x_wconf 85' lang='grc' dir='ltr'>μελλων</span> <span class='ocrx_word' id='word_1_667' title='bbox 1108 1906 1205 1934; x_wconf 78' lang='grc' dir='ltr'>οιδόναι</span> <span class='ocrx_word' id='word_1_668' title='bbox 1219 1906 1339 1944; x_wconf 81' lang='grc' dir='ltr'>Δεσπότῃ</span> <span class='ocrx_word' id='word_1_669' title='bbox 1355 1906 1412 1941; x_wconf 80' lang='grc' dir='ltr'>(διὰ</span> <span class='ocrx_word' id='word_1_670' title='bbox 1425 1907 1476 1944; x_wconf 78' lang='grc' dir='ltr'>γὰρ</span> <span class='ocrx_word' id='word_1_671' title='bbox 1487 1919 1539 1935; x_wconf 87' lang='grc' dir='ltr'>των</span> <span class='ocrx_word' id='word_1_672' title='bbox 1555 1907 1674 1942; x_wconf 78' lang='grc' dir='ltr'>πενήτων</span> <span class='ocrx_word' id='word_1_673' title='bbox 1686 1910 1755 1937; x_wconf 85' lang='grc' dir='ltr'>ἐκεῖ-</span> 
     </span>
     <span class='ocr_line' id='line_1_95' title="bbox 989 1950 1753 1990; baseline 0.001 -10"><span class='ocrx_word' id='word_1_674' title='bbox 989 1963 1030 1984; x_wconf 81' lang='grc' dir='ltr'>νος</span> <span class='ocrx_word' id='word_1_675' title='bbox 1041 1951 1200 1989; x_wconf 46' lang='lat' dir='ltr'>tapetium),</span> <span class='ocrx_word' id='word_1_676' title='bbox 1214 1950 1290 1979; x_wconf 86' lang='grc' dir='ltr'>ποίαν</span> <span class='ocrx_word' id='word_1_677' title='bbox 1299 1951 1363 1984; x_wconf 76' lang='grc' dir='ltr'>ἕξεις</span> <span class='ocrx_word' id='word_1_678' title='bbox 1377 1951 1518 1989; x_wconf 83' lang='grc' dir='ltr'>ἀπολογίαν</span> <span class='ocrx_word' id='word_1_679' title='bbox 1531 1952 1753 1990; x_wconf 68' lang='grc' dir='ltr'>ἀναὸαλλόμενος;</span> 
     </span>
     <span class='ocr_line' id='line_1_96' title="bbox 990 1996 1755 2036; baseline 0.001 -10"><span class='ocrx_word' id='word_1_680' title='bbox 990 1997 1058 2026; x_wconf 78' lang='grc' dir='ltr'>Οὐδὲ</span> <span class='ocrx_word' id='word_1_681' title='bbox 1078 1997 1128 2035; x_wconf 74' lang='grc' dir='ltr'>γὰρ</span> <span class='ocrx_word' id='word_1_682' title='bbox 1144 1997 1183 2031; x_wconf 82' lang='grc' dir='ltr'>ἂν,</span> <span class='ocrx_word' id='word_1_683' title='bbox 1199 1998 1221 2025; x_wconf 83' lang='grc' dir='ltr'>εἰ</span> <span class='ocrx_word' id='word_1_684' title='bbox 1238 1997 1292 2035; x_wconf 78' lang='grc' dir='ltr'>μὴ</span> <span class='ocrx_word' id='word_1_685' title='bbox 1288 1996 1320 2024; x_wconf 74' lang='grc' dir='ltr'>με’</span> <span class='ocrx_word' id='word_1_686' title='bbox 1322 2008 1355 2035; x_wconf 86' lang='grc' dir='ltr'>γα</span> <span class='ocrx_word' id='word_1_687' title='bbox 1369 2000 1400 2031; x_wconf 79' lang='grc' dir='ltr'>ἠν</span> <span class='ocrx_word' id='word_1_688' title='bbox 1416 1997 1445 2025; x_wconf 82' lang='grc' dir='ltr'>τὸ</span> <span class='ocrx_word' id='word_1_689' title='bbox 1460 2003 1570 2036; x_wconf 77' lang='grc' dir='ltr'>πρᾶγμα</span> <span class='ocrx_word' id='word_1_690' title='bbox 1594 1997 1638 2026; x_wconf 83' lang='grc' dir='ltr'>καὶ</span> <span class='ocrx_word' id='word_1_691' title='bbox 1656 1999 1755 2033; x_wconf 74' lang='grc' dir='ltr'>πολλῆς</span> 
     </span>
     <span class='ocr_line' id='line_1_97' title="bbox 991 2042 1753 2083; baseline 0.001 -12"><span class='ocrx_word' id='word_1_692' title='bbox 991 2043 1058 2076; x_wconf 82' lang='grc' dir='ltr'>ἄξιον</span> <span class='ocrx_word' id='word_1_693' title='bbox 1070 2043 1197 2078; x_wconf 68' lang='grc' dir='ltr'>σπουδῆς,</span> <span class='ocrx_word' id='word_1_694' title='bbox 1211 2045 1223 2070; x_wconf 80' lang='grc' dir='ltr'>ὁ</span> <span class='ocrx_word' id='word_1_695' title='bbox 1236 2042 1282 2076; x_wconf 76' lang='grc' dir='ltr'>τὴν</span> <span class='ocrx_word' id='word_1_696' title='bbox 1297 2044 1452 2080; x_wconf 86' lang='grc' dir='ltr'>οικουμενην</span> <span class='ocrx_word' id='word_1_697' title='bbox 1467 2047 1554 2071; x_wconf 81' lang='grc' dir='ltr'>πᾶσαν</span> <span class='ocrx_word' id='word_1_698' title='bbox 1571 2044 1753 2083; x_wconf 41' lang='grc' dir='ltr'>ἐγιειρισθεις,</span> 
     </span>
     <span class='ocr_line' id='line_1_98' title="bbox 990 2087 1753 2126; baseline 0.001 -9"><span class='ocrx_word' id='word_1_699' title='bbox 990 2090 1035 2118; x_wconf 75' lang='grc' dir='ltr'>καὶ</span> <span class='ocrx_word' id='word_1_700' title='bbox 1056 2089 1101 2121; x_wconf 75' lang='grc' dir='ltr'>τὰς</span> <span class='ocrx_word' id='word_1_701' title='bbox 1125 2090 1165 2126; x_wconf 70' lang='grc' dir='ltr'>ὑφ’</span> <span class='ocrx_word' id='word_1_702' title='bbox 1190 2088 1257 2126; x_wconf 84' lang='grc' dir='ltr'>ἡλίῳ</span> <span class='ocrx_word' id='word_1_703' title='bbox 1281 2087 1401 2126; x_wconf 80' lang='grc' dir='ltr'>κειμένας</span> <span class='ocrx_word' id='word_1_704' title='bbox 1426 2090 1557 2126; x_wconf 80' lang='grc' dir='ltr'>μεριμνῶν</span> <span class='ocrx_word' id='word_1_705' title='bbox 1580 2088 1753 2124; x_wconf 75' lang='grc' dir='ltr'>Ἐκκλησίας,</span> 
     </span>
     <span class='ocr_line' id='line_1_99' title="bbox 990 2133 1754 2173; baseline 0.001 -10"><span class='ocrx_word' id='word_1_706' title='bbox 990 2135 1118 2173; x_wconf 62' lang='grc' dir='ltr'>ὑπέσχετο</span> <span class='ocrx_word' id='word_1_707' title='bbox 1133 2137 1165 2172; x_wconf 78' lang='grc' dir='ltr'>τῇ</span> <span class='ocrx_word' id='word_1_708' title='bbox 1178 2136 1228 2162; x_wconf 78' lang='grc' dir='ltr'>τῶν</span> <span class='ocrx_word' id='word_1_709' title='bbox 1241 2133 1384 2172; x_wconf 76' lang='grc' dir='ltr'>χρημάτων</span> <span class='ocrx_word' id='word_1_710' title='bbox 1400 2133 1533 2173; x_wconf 77' lang='grc' dir='ltr'>οἰκονομίᾳ</span> <span class='ocrx_word' id='word_1_711' title='bbox 1552 2135 1754 2170; x_wconf 73' lang='grc' dir='ltr'>διακονήσασθαι</span> 
     </span>
     <span class='ocr_line' id='line_1_100' title="bbox 990 2174 1754 2217; baseline 0.001 -9"><span class='ocrx_word' id='word_1_712' title='bbox 990 2180 1096 2209; x_wconf 72' lang='grc' dir='ltr'>τούτων,</span> <span class='ocrx_word' id='word_1_713' title='bbox 1112 2181 1194 2208; x_wconf 78' lang='grc' dir='ltr'>Ταῦτ’</span> <span class='ocrx_word' id='word_1_714' title='bbox 1209 2174 1251 2207; x_wconf 63' lang='grc' dir='ltr'>οὖν</span> <span class='ocrx_word' id='word_1_715' title='bbox 1267 2179 1312 2207; x_wconf 81' lang='grc' dir='ltr'>καὶ</span> <span class='ocrx_word' id='word_1_716' title='bbox 1334 2181 1409 2217; x_wconf 82' lang='grc' dir='ltr'>ἡμεῖς</span> <span class='ocrx_word' id='word_1_717' title='bbox 1423 2179 1595 2217; x_wconf 78' lang='grc' dir='ltr'>λογιζόμενοι,</span> <span class='ocrx_word' id='word_1_718' title='bbox 1612 2180 1641 2208; x_wconf 81' lang='grc' dir='ltr'>ἄν</span> <span class='ocrx_word' id='word_1_719' title='bbox 1655 2192 1683 2208; x_wconf 85' lang='grc' dir='ltr'>τε</span> <span class='ocrx_word' id='word_1_720' title='bbox 1697 2181 1754 2209; x_wconf 81' lang='grc' dir='ltr'>δοῦ-</span> 
     </span>
     <span class='ocr_line' id='line_1_101' title="bbox 989 2223 1753 2264; baseline 0 -10"><span class='ocrx_word' id='word_1_721' title='bbox 989 2238 1031 2254; x_wconf 87' lang='grc' dir='ltr'>ναι</span> <span class='ocrx_word' id='word_1_722' title='bbox 1047 2225 1106 2264; x_wconf 78' lang='grc' dir='ltr'>δέῃ,</span> <span class='ocrx_word' id='word_1_723' title='bbox 1126 2224 1155 2252; x_wconf 81' lang='grc' dir='ltr'>ἄν</span> <span class='ocrx_word' id='word_1_724' title='bbox 1167 2236 1195 2252; x_wconf 90' lang='grc' dir='ltr'>τε</span> <span class='ocrx_word' id='word_1_725' title='bbox 1206 2223 1363 2262; x_wconf 66' lang='grc' dir='ltr'>παρέχουσιν</span> <span class='ocrx_word' id='word_1_726' title='bbox 1374 2223 1469 2263; x_wconf 79' lang='grc' dir='ltr'>ἑτέροις</span> <span class='ocrx_word' id='word_1_727' title='bbox 1485 2225 1630 2263; x_wconf 80' lang='grc' dir='ltr'>ὑπηρετεῖν,</span> <span class='ocrx_word' id='word_1_728' title='bbox 1645 2224 1681 2262; x_wconf 82' lang='grc' dir='ltr'>μὴ</span> <span class='ocrx_word' id='word_1_729' title='bbox 1704 2237 1753 2254; x_wconf 84' lang='grc' dir='ltr'>κα-</span> 
     </span>
     <span class='ocr_line' id='line_1_102' title="bbox 989 2269 1754 2309; baseline -0.003 -9"><span class='ocrx_word' id='word_1_730' title='bbox 989 2274 1136 2309; x_wconf 76' lang='grc' dir='ltr'>τοκνῶμεν,</span> <span class='ocrx_word' id='word_1_731' title='bbox 1165 2269 1230 2308; x_wconf 79' lang='grc' dir='ltr'>μηδὲ</span> <span class='ocrx_word' id='word_1_732' title='bbox 1259 2271 1415 2306; x_wconf 81' lang='grc' dir='ltr'>ἀθυμῶμεν,</span> <span class='ocrx_word' id='word_1_733' title='bbox 1441 2271 1475 2301; x_wconf 81' lang='grc' dir='ltr'>ὡς</span> <span class='ocrx_word' id='word_1_734' title='bbox 1503 2271 1550 2303; x_wconf 79' lang='grc' dir='ltr'>τ’ῆς</span> <span class='ocrx_word' id='word_1_735' title='bbox 1581 2269 1668 2302; x_wconf 81' lang='grc' dir='ltr'>οὐσίας</span> <span class='ocrx_word' id='word_1_736' title='bbox 1690 2273 1754 2308; x_wconf 81' lang='grc' dir='ltr'>ἡμῖν</span> 
     </span>
     <span class='ocr_line' id='line_1_103' title="bbox 992 2313 1753 2354; baseline -0.003 -9"><span class='ocrx_word' id='word_1_737' title='bbox 992 2316 1188 2354; x_wconf 78' lang='grc' dir='ltr'>ἐλαττουμένης.</span> <span class='ocrx_word' id='word_1_738' title='bbox 1204 2315 1266 2346; x_wconf 77' lang='grc' dir='ltr'>Πῶς</span> <span class='ocrx_word' id='word_1_739' title='bbox 1279 2314 1329 2352; x_wconf 80' lang='grc' dir='ltr'>γὰρ</span> <span class='ocrx_word' id='word_1_740' title='bbox 1342 2315 1388 2342; x_wconf 76' lang='grc' dir='ltr'>οὐκ</span> <span class='ocrx_word' id='word_1_741' title='bbox 1400 2313 1494 2342; x_wconf 83' lang='grc' dir='ltr'>ἄτοπον</span> <span class='ocrx_word' id='word_1_742' title='bbox 1504 2336 1511 2348; x_wconf 93' lang='grc'>,</span> <span class='ocrx_word' id='word_1_743' title='bbox 1524 2314 1566 2342; x_wconf 86' lang='grc' dir='ltr'>τὸν</span> <span class='ocrx_word' id='word_1_744' title='bbox 1583 2314 1629 2352; x_wconf 77' lang='grc' dir='ltr'>μὲν</span> <span class='ocrx_word' id='word_1_745' title='bbox 1641 2315 1753 2353; x_wconf 84' lang='grc' dir='ltr'>γηπόνον</span> 
     </span>
     <span class='ocr_line' id='line_1_104' title="bbox 989 2359 1752 2402; baseline -0.003 -11"><span class='ocrx_word' id='word_1_746' title='bbox 989 2363 1022 2391; x_wconf 76' lang='grc' dir='ltr'>τὰ</span> <span class='ocrx_word' id='word_1_747' title='bbox 1036 2362 1174 2402; x_wconf 81' lang='grc' dir='ltr'>σπέρματα</span> <span class='ocrx_word' id='word_1_748' title='bbox 1188 2359 1404 2393; x_wconf 66' lang='grc' dir='ltr'>καταῧάλλοντα,</span> <span class='ocrx_word' id='word_1_749' title='bbox 1422 2371 1466 2387; x_wconf 79' lang='grc' dir='ltr'>και</span> <span class='ocrx_word' id='word_1_750' title='bbox 1486 2359 1517 2388; x_wconf 82' lang='grc' dir='ltr'>τὰ</span> <span class='ocrx_word' id='word_1_751' title='bbox 1539 2360 1600 2388; x_wconf 85' lang='grc' dir='ltr'>ὄντα</span> <span class='ocrx_word' id='word_1_752' title='bbox 1615 2372 1752 2396; x_wconf 83' lang='grc' dir='ltr'>κενουντα,</span> 
     </span>
     <span class='ocr_line' id='line_1_105' title="bbox 990 2404 1752 2446; baseline -0.003 -10"><span class='ocrx_word' id='word_1_753' title='bbox 990 2407 1026 2446; x_wconf 77' lang='grc' dir='ltr'>μὴ</span> <span class='ocrx_word' id='word_1_754' title='bbox 1040 2408 1192 2440; x_wconf 80' lang='grc' dir='ltr'>δακνεσθαι,</span> <span class='ocrx_word' id='word_1_755' title='bbox 1208 2404 1273 2444; x_wconf 74' lang='grc' dir='ltr'>μηδὲ</span> <span class='ocrx_word' id='word_1_756' title='bbox 1290 2406 1387 2442; x_wconf 81' lang='grc' dir='ltr'>ἀλγεῖν,</span> <span class='ocrx_word' id='word_1_757' title='bbox 1411 2404 1476 2441; x_wconf 74' lang='grc' dir='ltr'>μηδὲ</span> <span class='ocrx_word' id='word_1_758' title='bbox 1499 2404 1626 2442; x_wconf 77' lang='grc' dir='ltr'>ἀνάλωμα</span> <span class='ocrx_word' id='word_1_759' title='bbox 1639 2406 1752 2444; x_wconf 86' lang='grc' dir='ltr'>νομίζειν</span> 
     </span>
     <span class='ocr_line' id='line_1_106' title="bbox 989 2449 1754 2491; baseline 0.005 -15"><span class='ocrx_word' id='word_1_760' title='bbox 989 2457 1054 2482; x_wconf 61' lang='grc' dir='ltr'>εἶναι</span> <span class='ocrx_word' id='word_1_761' title='bbox 1065 2465 1094 2482; x_wconf 65' lang='grc' dir='ltr'>το</span> <span class='ocrx_word' id='word_1_762' title='bbox 1108 2452 1251 2491; x_wconf 74' lang='grc' dir='ltr'>γινόαενον,</span> <span class='ocrx_word' id='word_1_763' title='bbox 1266 2449 1332 2479; x_wconf 79' lang='grc' dir='ltr'>ἀλλα</span> <span class='ocrx_word' id='word_1_764' title='bbox 1352 2449 1441 2488; x_wconf 80' lang='grc' dir='ltr'>κέρδος</span> <span class='ocrx_word' id='word_1_765' title='bbox 1455 2461 1499 2478; x_wconf 83' lang='grc' dir='ltr'>και</span> <span class='ocrx_word' id='word_1_766' title='bbox 1515 2450 1649 2488; x_wconf 76' lang='grc' dir='ltr'>πρόσοδον,</span> <span class='ocrx_word' id='word_1_767' title='bbox 1667 2452 1754 2480; x_wconf 81' lang='grc' dir='ltr'>καίτοι</span> 
     </span>
     <span class='ocr_line' id='line_1_107' title="bbox 990 2494 1753 2533; baseline -0.003 -6"><span class='ocrx_word' id='word_1_768' title='bbox 990 2499 1085 2533; x_wconf 77' lang='grc' dir='ltr'>ἀδήλου</span> <span class='ocrx_word' id='word_1_769' title='bbox 1097 2500 1143 2532; x_wconf 73' lang='grc' dir='ltr'>τῆς</span> <span class='ocrx_word' id='word_1_770' title='bbox 1159 2496 1277 2528; x_wconf 78' lang='grc' dir='ltr'>ἐλπίδος</span> <span class='ocrx_word' id='word_1_771' title='bbox 1275 2494 1370 2529; x_wconf 82' lang='grc' dir='ltr'>οὔσης·</span> <span class='ocrx_word' id='word_1_772' title='bbox 1384 2494 1413 2523; x_wconf 83' lang='grc' dir='ltr'>σὲ</span> <span class='ocrx_word' id='word_1_773' title='bbox 1430 2494 1456 2523; x_wconf 81' lang='grc' dir='ltr'>δὲ</span> <span class='ocrx_word' id='word_1_774' title='bbox 1484 2495 1530 2523; x_wconf 80' lang='grc' dir='ltr'>οὐκ</span> <span class='ocrx_word' id='word_1_775' title='bbox 1551 2495 1594 2523; x_wconf 81' lang='grc' dir='ltr'>ἐπι</span> <span class='ocrx_word' id='word_1_776' title='bbox 1617 2496 1753 2533; x_wconf 82' lang='grc' dir='ltr'>τοιούτοις,</span> 
     </span>
     <span class='ocr_line' id='line_1_108' title="bbox 990 2540 1752 2580; baseline -0.001 -7"><span class='ocrx_word' id='word_1_777' title='bbox 990 2545 1048 2573; x_wconf 73' lang='grc' dir='ltr'>ἀλλ’</span> <span class='ocrx_word' id='word_1_778' title='bbox 1065 2544 1109 2573; x_wconf 72' lang='grc' dir='ltr'>ἐπὶ</span> <span class='ocrx_word' id='word_1_779' title='bbox 1134 2543 1224 2580; x_wconf 79' lang='grc' dir='ltr'>πολλῷ</span> <span class='ocrx_word' id='word_1_780' title='bbox 1240 2540 1339 2579; x_wconf 80' lang='grc' dir='ltr'>μείζοσι</span> <span class='ocrx_word' id='word_1_781' title='bbox 1358 2540 1513 2579; x_wconf 81' lang='grc' dir='ltr'>τπείροντα,</span> <span class='ocrx_word' id='word_1_782' title='bbox 1537 2540 1581 2568; x_wconf 76' lang='grc' dir='ltr'>καὶ</span> <span class='ocrx_word' id='word_1_783' title='bbox 1599 2542 1670 2580; x_wconf 78' lang='grc' dir='ltr'>αὐτῷ</span> <span class='ocrx_word' id='word_1_784' title='bbox 1691 2542 1752 2579; x_wconf 80' lang='grc' dir='ltr'>μέλ-</span> 
     </span>
    </p>
   </div>
  </div>
 </body>
</html>
