1843 2810
116 1472 218 1493 Arabisso

77 1511 134 1524 auno
148 1503 201 1531 406.

216 147 286 181 818

214 221 285 255 beat,
297 229 342 248 uos
350 218 477 256 conferre,
487 227 517 246 ac
525 217 640 255 denique
650 216 828 245 Isauricarum
839 215 927 243 incur-

214 267 321 295 sionum
331 264 451 304 quotidie
466 270 550 292 metus
563 262 751 301 ingravescit),
762 261 845 289 abste
856 267 926 299 peto,
944 267 962 290 Ε

216 318 254 347 ut,
262 310 334 349 quod
344 310 493 339 maximum
503 308 579 337 nobis
585 314 641 335 tum
650 307 760 345 hujusce
767 305 927 341 solitudinis,

215 363 274 385 tum
288 365 467 384 :erumnarum
486 354 605 382 omnium
622 359 647 380 et
660 352 843 380 calamitatum
857 350 928 379 sola-

216 402 284 430 tium
298 408 351 437 est,
366 411 447 439 quam
462 399 605 437 saepissime
618 408 633 425 a
647 403 672 425 te
683 397 774 425 literas
788 395 928 435 accipiam,

217 447 316 485 quibus
332 446 365 474 (le
385 453 428 473 tua
449 443 584 480 totiusque
601 442 697 470 domus
712 448 763 470 tuce
777 440 929 470 valetudine

217 493 314 520 certior
329 492 408 519 siam:
427 488 563 523 idxclim,
577 488 599 515 si
611 487 722 516 facultas
733 487 811 515 detur
819 508 827 523 ,
847 497 929 524 quam

218 537 362 576 sapissime
381 534 457 563 nobis
480 511 618 562 concedas.
641 533 733 570 Neque
757 532 828 560 enim
853 531 930 559 facile

218 590 256 611 est
294 592 342 610 nos
372 580 446 608 istud
470 578 576 618 copiose
597 578 715 606 obtinere
729 600 737 613 ,
761 577 835 615 quod
856 575 929 604 haud

559 155 574 177 S
581 170 588 177 .
617 154 672 177 JOA
679 155 697 177 N
704 154 755 177 NIS
782 153 960 176 CHRYSOST.

217 628 295 656 facile
307 627 448 665 quisquam
460 625 557 653 isthinc
572 623 607 652 ad
623 634 669 652 nos
680 623 778 652 veniat.
789 623 930 657 Οωῑοιιιηι,
940 645 974 664 679

219 673 267 702 etsi
282 672 398 700 arduum
416 677 454 700 est
479 669 552 708 quod
575 669 711 708 petimus,
732 675 819 697 tamen
843 667 932 705 quoad
950 673 967 695 A

219 719 275 757 ejus
287 717 343 745 fieri
361 716 457 756 poterit
470 738 478 751 ,
494 715 575 744 velim
586 713 632 743 des
643 724 750 753 operam
762 736 770 749 ‚
787 719 816 741 ut
828 713 933 741 crebras

219 764 253 792 ad
266 774 313 791 nos
326 763 414 791 literas
428 762 519 790 mittas
530 784 537 795 ,
549 771 608 797 quae
622 760 698 788 nobis
709 759 870 788 valetudinis
880 765 932 786 tuae

219 816 319 837 statum
336 813 478 847 exponant.
494 807 531 834 Ut
557 811 649 833 autem
661 826 670 841 ,
688 805 754 841 quid
767 804 818 842 ipsi
828 813 934 840 quoque

219 864 343 892 geramus
356 876 364 891 ‚
382 852 530 891 intelligere
542 860 624 889 queas
636 872 644 887 ,
666 849 721 877 otio
736 855 813 886 atque
832 848 934 886 ingenti

220 899 309 937 quiete
318 899 444 933 fruimur,
457 907 553 935 magna
563 894 770 933 tranquillitate,
786 904 816 922 ac
829 893 933 921 medio-

221 945 259 972 cri
275 943 393 982 corporis
402 943 526 979 sanitate;
538 942 588 970 hoc
596 951 679 969 unum
688 940 805 968 animum
814 946 934 967 nostrum

222 989 381 1025 conturbat,
398 987 469 1026 quod
484 999 499 1015 a
514 987 610 1023 vobis,
631 998 645 1014 a
667 985 767 1024 quilius
787 995 910 1013 amamur
924 1006 933 1021 ,

223 1035 335 1073 sejuncti
352 1044 452 1062 sumus.
472 1034 576 1062 Verum
599 1039 684 1071 potest
708 1038 754 1059 tua
768 1030 933 1069 prudentia,

223 1092 252 1108 ea
270 1080 381 1114 ratione,
398 1089 479 1116 quam
493 1078 614 1106 diximus
626 1099 632 1111 ‚
655 1076 719 1104 huic
736 1086 843 1114 quoque
866 1075 938 1103 malo

224 1126 349 1154 solatium
366 1124 502 1153 adhibere.
522 1123 652 1158 Quocirca
675 1123 724 1150 hoc
748 1121 826 1149 nobis
850 1131 938 1159 quaeso

224 1171 384 1199 beneficium
396 1170 430 1198 da
440 1192 449 1205 ‚
463 1180 516 1207 quo
529 1191 537 1206 ,
548 1169 609 1197 licet
619 1175 690 1196 tanto
704 1168 751 1196 abs
762 1174 786 1195 te
798 1165 939 1195 intervallo

225 1216 319 1245 semoti
332 1239 339 1253 7
355 1223 442 1244 tamen
462 1214 569 1243 dulcem
588 1224 618 1242 ac
638 1214 784 1242 ferventem
804 1218 829 1240 et
851 1211 938 1240 since—

226 1273 282 1291 ram
295 1262 430 1291 caritatem
444 1271 492 1300 pro
509 1260 613 1289 deliciis
627 1259 781 1288 habeamus.

349 1374 497 1402 CXXXV.
524 1372 670 1400 Theodoto
690 1372 822 1400 diacono.

269 1467 324 1495 Nec
339 1476 381 1494 me
396 1465 504 1503 quidem
519 1464 570 1492 hoc
582 1464 665 1502 sugit,
686 1470 712 1492 te
725 1463 831 1503 pridem
850 1463 883 1491 ad
897 1474 944 1492 nos

229 1519 372 1542 venturum
383 1511 474 1547 fuisse,
487 1509 538 1538 nisi
551 1510 705 1537 Isaurorum
721 1516 806 1537 metus
822 1510 879 1537 vias
894 1509 944 1537 tihi

228 1557 413 1596 praeclusisset.
427 1557 495 1584 Nam
508 1565 568 1582 cum
584 1554 709 1582 omnibus
723 1554 822 1591 frigore
837 1553 946 1592 rigenti-

228 1603 279 1631 bus
291 1624 299 1639 ‚
324 1609 403 1640 atque
416 1601 441 1629 in
457 1607 530 1629 tanta
543 1599 648 1627 nivium
665 1599 693 1628 vi
706 1621 714 1636 ,
728 1599 783 1627 huc
806 1609 944 1627 accurrere

229 1648 339 1676 minime
348 1646 491 1682 dubitaris,
501 1645 585 1674 multo
601 1655 662 1673 sane
674 1645 772 1679 minus,
791 1651 883 1673 exorto
897 1655 944 1673 ve-

228 1704 274 1728 re,
291 1703 321 1720 ac
337 1692 401 1720 caelo
418 1691 517 1729 ingenti
533 1690 725 1728 tranquillitate
735 1689 849 1728 praedito
862 1712 871 1727 ,
886 1689 945 1718 istic

229 1747 335 1766 manere
347 1736 530 1765 sustinuisses.
547 1735 689 1772 Siquidem
703 1734 786 1763 animi
800 1735 840 1763 tui
855 1734 944 1763 suavi-

230 1789 309 1810 tatem
323 1788 347 1810 et
357 1781 517 1817 comitatem,
525 1780 700 1817 ardoremque
713 1790 743 1808 ac
753 1779 942 1817 sinceritatem,

229 1838 356 1865 eamque,
368 1837 426 1864 quae
440 1826 466 1853 in
477 1832 501 1853 te
514 1835 616 1853 summa
628 1831 676 1862 est,
690 1825 880 1863 ingenuitatem
893 1835 944 1853 no-

229 1872 265 1900 vi.
282 1872 374 1909 anue.
385 1871 418 1899 de
435 1881 513 1899 causa
523 1880 575 1898 non
585 1869 689 1907 vulgari
702 1880 814 1898 moerore
825 1869 942 1907 afficior,

229 1925 255 1946 tc
268 1917 295 1945 iu
310 1924 364 1945 tam
378 1916 454 1945 suavi
469 1923 493 1944 et
505 1926 605 1943 amoena
614 1914 676 1943 anni
688 1922 761 1954 parte
774 1925 944 1954 nonparvam

230 1962 306 1990 uobis
320 1962 451 1990 moestitiae
464 1966 645 1999 tempestatem
652 1970 793 1993 accersere,
805 1960 871 1988 dum
881 1968 947 1989 tam-

230 2008 277 2035 diu
288 2018 302 2035 a
317 2007 393 2035 nobis
408 2007 479 2035 abes.
494 2006 581 2043 quue
596 2016 647 2034 non
662 2016 692 2034 eo
707 2016 884 2034 commemoro
899 2029 906 2042 ,
917 2013 947 2034 ut

231 2059 256 2080 te
278 2053 346 2089 huc,
369 2052 471 2081 etiamsi
502 2052 600 2080 millies
632 2051 662 2079 id
688 2051 770 2088 velis,
794 2052 947 2091 pertraham

231 2101 239 2132 (
255 2098 344 2125 multis
357 2098 427 2125 enim
437 2097 515 2125 bellis
530 2097 618 2125 omnia
630 2096 674 2124 hic
685 2097 809 2135 flagrant,
820 2097 901 2135 idque
915 2108 949 2126 ex

232 2143 280 2179 iis,
291 2143 337 2180 qui
351 2154 384 2171 ex
396 2144 437 2171 his
450 2144 516 2171 locis
529 2143 597 2171 istuc
608 2154 634 2171 se
645 2143 801 2180 conserunt,
816 2143 883 2171 scire
897 2154 947 2182 po—

233 2188 296 2216 teris
306 2189 327 2227 ),
345 2199 439 2216 verum
453 2195 482 2216 ut
494 2188 637 2226 intelligas,
650 2198 712 2223 nos,
723 2188 772 2216 etsi
781 2188 881 2227 alioqui
892 2199 948 2216 ma-

235 2243 286 2271 gna
299 2233 386 2270 quiete
400 2239 478 2271 atque
493 2233 546 2260 otio
566 2233 700 2269 fruimur,
723 2233 768 2261 hic
787 2240 875 2261 tamen
893 2233 948 2262 sine

234 2288 345 2306 moerore
363 2288 418 2306 esse
437 2288 487 2305 nou
501 2288 592 2316 posse,
609 2277 676 2306 dum
690 2289 704 2306 a
716 2285 741 2306 te
765 2278 892 2317 disjuncti
907 2290 950 2307 su-

234 2331 310 2348 mus:
323 2321 427 2359 hocque
446 2321 503 2360 ipse
519 2321 669 2359 intelligens
683 2344 690 2356 ,
702 2332 782 2358 quam
807 2322 951 2361 saepissime
967 2330 985 2353 D
1003 2324 1079 2359 ἡμῶν
1097 2323 1180 2350 ἐκεῖσε

235 2365 270 2394 ad
288 2376 335 2394 nos
355 2366 471 2402 scribas,
492 2375 543 2393 non
564 2365 642 2393 niodo
659 2375 706 2404 per
722 2376 764 2394 eos
782 2367 829 2405 qui
841 2367 903 2395 hinc
917 2367 950 2396 ad

238 2421 284 2440 vos
296 2411 514 2449 proficiscuntur,
527 2410 573 2438 scd
588 2410 667 2438 etiam
683 2421 728 2449 per
745 2421 787 2439 eos
802 2412 847 2450 qui
872 2412 950 2441 istinc

271 2511 280 2522 ss
299 2503 400 2528 Coislin.
411 2507 475 2535 ἔαρος
487 2508 595 2535 yuaet'zwg.

993 153 1010 175 Λ
1017 154 1133 177 RCHIEP
1140 169 1147 177 .
1176 155 1237 178 CON
1243 155 1440 178 STANTINOP.

981 215 1082 254 ἡμέραν
1104 217 1117 243 ὁ
1132 215 1209 255 φόέος
1224 217 1370 254 ἀκμάζει),
1383 218 1529 255 παρακαλῶ
1551 229 1596 246 σου
1611 218 1658 252 τὴν
1673 219 1747 257 εὐγέ-

981 271 1061 296 νειαν,
1074 260 1139 300 ὅπερ
1161 261 1283 299 μέγιστον
1304 264 1367 300 ἡμῖν
1383 263 1419 294 εἷς
1434 263 1602 301 παραμυθίαν
1626 264 1681 292 ἐστὶ
1705 265 1750 292 καὶ

981 308 1028 340 τῆς
1052 305 1162 345 ἐρημίας
1175 308 1222 340 τῆς
1236 308 1344 335 ἐνταῦθα
1355 328 1362 341 ,
1375 307 1420 335 καὶ
1434 309 1481 341 τῆς
1499 308 1695 347 ταλαιπωρίας,
1705 309 1750 337 καὶ

982 353 1028 386 τ’ἧς
1051 352 1133 386 ἄλλης
1159 351 1245 385 πάσης
1268 351 1391 390 θλίψεως,
1414 353 1444 381 τὸ
1467 355 1581 392 συνεχῶς
1605 353 1751 393 γράμματα

984 396 1121 435 δέχεσθαι,
1137 396 1353 435 εὐαγγελιζόμενα
1376 397 1423 432 τὴν
1445 397 1534 435 ὑγείαν
1557 398 1605 432 τὴν
1625 398 1682 435 σὴν,
1705 396 1751 427 καὶ

982 443 1027 469 τοῦ
1044 441 1115 470 οἴκου
1133 453 1178 470 σου
1196 441 1307 476 παντὸς,
1322 444 1397 470 τοῦτο
1419 442 1571 481 χαρίζεσθαι
1590 446 1653 481 ἡμῖν
1678 456 1752 473 συνε-

983 486 1111 525 χέστερον
1126 486 1194 515 κατὰ
1213 486 1242 514 τὸ
1262 489 1401 526 ἔγρυροῧν.
1418 487 1486 516 Οὐδὲ
1504 487 1555 526 γὰρ
1568 490 1644 517 τοῦτο
1665 488 1751 528 ῥᾴδιον

985 532 1052 569 μετὰ
1067 534 1193 567 πολλῆς’
1181 537 1251 570 ημᾶς
1273 532 1341 571 ἔγειν
1356 533 1403 566 τ’ἧς
1424 533 1600 571 δαψιλείας,
1587 533 1628 562 σιὰ
1649 534 1678 562 τὸ
1701 546 1751 572 μη-

985 579 1011 606 δε
1005 577 1045 606 ’να
1060 578 1162 616 ταχέως
1173 579 1269 606 ἐκεῖθεν
1281 579 1392 606 ἐνταυθα
1401 580 1572 616 ἀφικνεῖσθαι.
1585 579 1682 607 Αλλη]
1667 592 1751 618 ομως,

986 625 1008 652 εἷ
1025 635 1069 651 και
1086 624 1197 662 ἐργῶδες
1211 623 1276 662 ὅπερ
1291 624 1323 661 ᾐτ
1325 634 1436 660 ησαμεν,
1451 624 1508 651 ἀλλ’
1525 625 1560 656 ὡς
1583 624 1613 651 ἂν
1627 620 1678 653 οἷόν
1695 637 1722 654 τε
1735 628 1751 664 ᾐ

986 668 1102 703 σπουδὴν
1132 668 1293 702 ποιήσασθαι
1323 667 1524 707 παρακληθητι,
1558 680 1603 697 και
1639 682 1753 708 συνεχως

986 714 1101 751 πέμπειν
1118 714 1256 746 ἐπιστολὰς
1274 712 1490 751 ἀπαγγελλούσας
1504 715 1567 751 ἡμῖν
1582 714 1615 742 τὰ
1629 716 1690 753 περὶ
1707 717 1754 750 τ’ῆς

988 758 1091 797 ῥώσεως
1104 761 1152 794 τῆς
1169 760 1224 793 σῆς.
1239 758 1298 787 Ἵνα
1313 758 1339 786 δὲ
1354 758 1398 786 καὶ
1408 758 1439 786 τὰ
1451 757 1567 798 ἡμέτερα
1581 758 1664 787 εἰδέναι
1679 759 1756 798 ἔχῃς,

988 804 1194 842 ἀπραγμοσύνης
1210 803 1385 841 ἀπολαύομεν,
1401 803 1513 842 ἡσυχίας
1536 805 1649 840 πολλῆς,
1661 806 1756 839 λευκῆς

987 852 1034 884 τ’ἧς
1052 850 1184 888 γαλήνης,
1197 850 1284 888 ὑγείας
1307 849 1473 888 συμμέτρου,
1496 849 1578 888 τούτῳ
1597 850 1756 888 θορυὸούμε<

988 907 1027 923 νοι
1052 895 1146 933 μόνον,
1168 897 1205 934 τῷ
1232 895 1392 933 κεχωρίσθαι
1413 896 1484 932 ὑμῶν
1514 897 1565 922 τῶν
1594 894 1755 932 ἀγαπώντων

989 943 1067 978 ἡμᾶς.
1084 940 1152 969 Ἀλλ’
1166 940 1242 975 ἱκανὴ
1254 943 1270 975 ἡ
1287 939 1387 972 σύνεσίς
1409 951 1453 968 σου
1468 939 1513 968 καὶ
1525 942 1614 968 τοῦτον
1628 951 1757 978 παραμυ-

990 986 1118 1020 θήσασθαι
1138 986 1182 1013 τὸν
1194 985 1282 1020 πόνον,
1297 985 1324 1013 ὃν
1340 981 1420 1013 εἶπον.
1434 984 1511 1013 Δίδου
1523 984 1554 1019 δὴ
1574 984 1671 1019 ταύτην
1693 987 1756 1023 ἡμῖν

990 1031 1036 1066 τὴν
1059 1031 1147 1070 χάριν,
1164 1030 1231 1059 ὥστε
1254 1030 1298 1058 καὶ
1320 1032 1349 1058 ἐκ
1362 1030 1485 1058 τοσούτου
1507 1031 1577 1067 ἡμᾶς
1597 1029 1757 1067 καθημένους

992 1077 1168 1113 διαστήματος
1186 1076 1310 1104 δύνασθαι
1322 1077 1446 1114 ἐντρυφᾷν
1461 1075 1506 1103 καὶ
1524 1074 1620 1108 ταύτης
1629 1076 1675 1109 τῆς
1690 1076 1756 1113 γλυ-

992 1121 1064 1154 κείας
1081 1133 1125 1151 σου
1138 1122 1182 1150 καὶ
1197 1123 1294 1160 θερμῆς
1307 1121 1352 1149 καὶ
1366 1120 1473 1159 γνησίας
1487 1119 1601 1158 ἀγάπης.

1213 1373 1273 1413 ρλε’.
1289 1374 1412 1413 Θεοδότῳ
1427 1375 1548 1413 διακόνῳ.

1038 1463 1106 1492 Οὐδὲ
1127 1462 1202 1495 αὐτὸς
1215 1464 1300 1501 ἀγνοῶ
1311 1485 1317 1497 ,
1331 1463 1371 1491 ὅτι
1391 1463 1473 1491 πάλαι
1488 1463 1544 1500 μεθ’
1559 1463 1634 1499 ἡμῶν
1656 1462 1764 1500 ἔμελλες

998 1503 1080 1544 εἶναι,
1102 1510 1124 1537 εἰ
1146 1508 1183 1546 μὴ
1204 1510 1255 1536 τῶν
1279 1508 1404 1547 Ἰσαύρων
1423 1511 1436 1536 ὁ
1457 1508 1535 1547 φόίος
1558 1507 1715 1546 διετείχιζεν.
1729 1507 1764 1536 ‘O

998 1553 1048 1592 γὰρ
1068 1555 1093 1582 ἐν
1108 1556 1200 1592 κρυμῷ
1220 1554 1307 1582 πάντα
1328 1553 1471 1592 πηγνύντι,
1495 1553 1539 1581 καὶ
1562 1553 1631 1592 χιόνι
1650 1552 1763 1592 τοσαύτῃ

999 1601 1106 1639 δραμεῖν
1132 1601 1242 1628 ἐνταῦθα
1266 1600 1457 1638 ἀνασχόμενος,
1474 1599 1564 1637 πολλῷ
1587 1599 1686 1636 μᾶλλον
1700 1600 1764 1626 “roff

998 1645 1076 1683 ἥρους
1091 1644 1226 1684 φανέντος,
1237 1645 1282 1673 καὶ
1301 1646 1399 1679 πολλ’-ῆς
1420 1647 1467 1679 τῆς
1487 1644 1556 1672 κατὰ
1579 1644 1622 1673 τὸν
1638 1644 1702 1684 ἀέρα
1716 1656 1765 1682 γα-

998 1690 1079 1724 λήνης
1100 1690 1191 1724 οὔσης,
1206 1691 1252 1718 οὒκ
1275 1689 1305 1717 ἂν
1328 1689 1441 1728 ἠνέσχου
1465 1689 1550 1726 μένειν
1578 1689 1675 1718 αὐτόθι.
1696 1685 1765 1718 Οἶδα

998 1734 1048 1774 γὰρ
1068 1735 1098 1763 τὸ
1115 1735 1210 1773 γλυκὺ,
1225 1735 1269 1763 καὶ
1291 1734 1436 1774 προσηνὲς,
1458 1734 1502 1762 καὶ
1526 1734 1620 1772 θερμόν
1645 1746 1691 1763 σου
1717 1736 1765 1769 τ’ἧς

999 1779 1137 1812 διαθέσεως
1148 1800 1155 1813 ,
1171 1779 1201 1807 τὸ
1215 1779 1350 1817 εἰλικρινὲς
1359 1801 1366 1814 ,
1379 1778 1426 1812 τὴν
1438 1779 1537 1812 πολλῆς
1550 1778 1680 1816 γέμουσαν
1695 1780 1766 1807 ἐλευ-

999 1825 1084 1864 θερίας
1100 1825 1198 1863 ψυχην.
1216 1825 1263 1853 Διὸ
1277 1824 1321 1852 καί
1339 1824 1415 1856 αὐτὸς
1429 1826 1476 1862 οὐχ
1495 1825 1530 1855 ὡς
1549 1824 1639 1862 ἔτυχεν
1656 1825 1764 1861 ἀθυμῶ,

999 1870 1039 1899 ὅτι
1054 1872 1079 1898 ἐν
1094 1873 1126 1908 τῇ
1139 1869 1220 1902 οὕτως
1239 1869 1398 1908 ἢμερωτάτῃ
1413 1872 1458 1897 τοῦ
1473 1869 1545 1901 ἔτους
1562 1868 1634 1908 ὥρᾳ,
1648 1871 1767 1907 χειμῶνα

1000 1917 1028 1944 οὒ
1041 1915 1083 1943 τὸν
1099 1915 1212 1953 τυχόντα
1226 1918 1290 1952 ἡμῖν
1306 1915 1411 1952 ἐπάγεις
1424 1914 1548 1951 ἀθυμίας,
1559 1916 1679 1942 τοσοῦτον
1691 1915 1766 1951 ἡμῶν

1000 1960 1175 1999 χωριζόμενος
1188 1960 1289 1999 χρόνον.
1305 1961 1356 1988 Καὶ
1374 1964 1458 1989 ταῦτα
1479 1959 1548 1997 λέγω
1569 1960 1618 1997 οὐχ
1638 1958 1720 1986 ἕλκων
1739 1971 1768 1987 σε

1002 2007 1112 2034 ἐνταῦθα
1139 2005 1187 2033 κᾶν
1216 2005 1338 2044 μυριάκις
1369 2005 1443 2036 αὐτὸς
1471 2004 1546 2042 θέλῃς
1575 2004 1696 2039 (πολλῶν
1718 2004 1769 2043 γὰρ

1003 2050 1107 2079 ἅπαντα
1124 2050 1246 2087 πολέμων
1262 2050 1464 2087 ἐμπέπλησται,
1481 2049 1525 2077 καὶ
1544 2052 1619 2077 τοῦτο
1642 2048 1698 2087 εἴσῃ
1725 2048 1768 2077 διὰ

1003 2107 1054 2124 των
1070 2097 1185 2123 ἐντευθεν
1208 2097 1291 2123 ἐκεῖσε
1313 2094 1541 2132 ἀφικνουμενων),
1557 2095 1614 2122 ἀλλ’
1628 2093 1670 2122 ὶνα
1685 2093 1769 2132 μάθης

1003 2141 1042 2169 ὅτι
1057 2140 1114 2169 οὐδε
1128 2143 1220 2177 ἡυεῖς,
1235 2140 1320 2168 καίτοι
1332 2151 1362 2177 γε
1372 2139 1482 2178 ἡσυχίας
1501 2139 1546 2167 καὶ
1564 2138 1769 2177 ἀπραγμοσύνης

1003 2187 1101 2220 πολλῆς
1113 2185 1302 2218 ἀπολαύοντες,
1315 2185 1420 2217 ἀλύπως
1435 2184 1565 2222 ουνάμεθα
1580 2187 1645 2212 εἰναι
1660 2185 1769 2212 ἐνταυθα

1003 2233 1049 2266 τῆς
1071 2233 1118 2264 σῆς
1134 2230 1324 2269 κεχωρισμένοι
1338 2230 1489 2267 τιμιότττος
1499 2252 1506 2265 ,
1521 2229 1566 2257 καὶ
1588 2231 1664 2257 τοῦτο
1680 2227 1768 2265 μαθὼν

1004 2277 1116 2315 συνεχῶς
1131 2279 1193 2313 ἡμῖν
1217 2275 1386 2313 ἑπιστέλλῃς,
1409 2275 1445 2312 μὴ
1471 2274 1547 2312 μόνον
1573 2273 1615 2302 διὰ
1638 2274 1690 2301 τῶν
1707 2273 1768 2311 παρ’

1202 2320 1360 2359 ἐρχομένων,
1376 2320 1443 2348 ἀλλὰ
1469 2319 1513 2348 καὶ
1536 2318 1578 2347 διὰ
1599 2320 1650 2346 τῶν
1673 2319 1769 2346 ἐκεῖθεν

1005 2366 1158 2404 ἁπτομένων
1170 2368 1216 2400 τῆς
1227 2366 1286 2394 ὁδοῦ
1297 2366 1340 2394 καὶ
1352 2367 1398 2399 τῖς
1409 2366 1518 2393 ἐνταῦθα
1532 2363 1649 2402 ἀφίξεως.
1665 2362 1768 2397 Πολλὴν

1006 2412 1032 2440 δέ
1048 2424 1088 2440 σοι
1105 2411 1181 2450 χάριν
1204 2411 1289 2448 ἴσμεν,
1306 2411 1418 2440 δέσποτα
1435 2422 1482 2447 μου
1498 2408 1654 2447 τιμιώτατε,
1667 2408 1710 2437 καὶ
1725 2410 1770 2443 τῆς
