1840 2839
751 138 885 161 izi‘tSTOL
894 140 926 161 F..

216 251 257 286 52¹.
275 252 419 291 Μαρκιανῷ
433 252 477 280 καὶ
491 250 503 268 ‘¹
513 252 695 291 Μαρκελλίνῳ.

113 345 251 384 Ἀρκοῦσαν
267 345 339 384 ἔχετε
354 344 524 383 παραμυθίαν
543 345 589 379 τῆς
605 346 715 383 ἀθυμίας
727 342 758 381 ἧς
777 349 841 376 ὓπο-

74 391 176 428 μένετε,
202 391 287 423 καθὼς
312 392 489 420 ἐπεο-τοίλκατε
500 413 507 426 ,
534 391 582 426 τὴν
605 392 744 431 φιλόσοφον
769 394 841 430 ὑμῖν

72 436 180 474 γνώμην
201 437 245 464 καὶ
259 436 376 475 ὑψηλὴν,
398 436 445 470 τὴν
470 436 658 476 ἀπερίτρεπτον
682 438 726 466 καὶ
748 439 841 472 οὶκλινῆ

72 483 194 511 aidonem.
208 482 316 522 ”Ωσπερ
334 482 384 522 γὰρ
409 483 451 511 τὸν
475 486 570 522 χαῦνον
592 483 636 512 καὶ
659 484 840 521 διαλελυμένον

71 527 128 557 οὐδὲ
143 528 260 566 γαλήνη,
274 528 318 556 καὶ
338 528 369 557 τὸ
387 528 455 557 κατὰ
470 530 528 566 ῥοῦν
549 528 686 567 φέρεσθαι,
707 529 841 568 ὠφελῆσαί

71 585 96 601 τι
109 573 177 612 μέγα
193 574 329 609 δυνήσεται
342 585 347 591 ·
363 573 431 602 οὕτω
447 574 490 603 τὸν
505 575 620 613 στερρὸν,
634 575 678 603 καὶ
695 586 839 614 συγκεκρο-

71 619 198 657 τημένον,
222 619 266 648 καὶ
290 619 404 658 νήφοντα
424 619 482 648 οὐδὲ
497 619 597 659 χειμὼν
614 620 728 658 χαλεπὸς
745 620 838 648 διασα-

70 664 139 694 λεύει
150 665 223 701 ποτὲ,
238 666 304 694 ἀλλὰ
316 666 360 694 καὶ
372 665 552 706 λαμπρότερον
564 666 710 704 ἐργάζεται.
721 665 838 699 Τοιαύτη

70 710 121 751 γὰρ
131 713 182 739 τῶν
194 713 348 750 πειρασμῶν
361 713 378 745 ἠ
391 711 465 750 φύσις
474 723 480 729 ·
492 715 545 743 τοῖς
556 711 681 750 γενναίοις
696 710 787 744 αὐτοὺς
797 711 839 750 φέ-

72 768 144 795 ρουσι
158 756 244 785 πολλὰ
258 757 359 794 κομίζει
373 757 406 786 τὰ
422 756 547 795 βραδεῖα,
561 756 605 785 καὶ
623 755 761 795 λαμπροὺς
781 756 839 789 τοὺς

70 803 219 842 στεφάνους.
233 804 259 832 Τ
261 804 316 831 αὔτ’
331 798 374 831 οὖν
390 802 502 838 εἰδότες,
517 802 602 842 κύριοί
619 815 668 841 μου
683 802 839 840 τιμιώτατοι

69 848 113 877 καὶ
127 848 315 886 εὐγενέστατοι,
327 848 372 877 καὶ
384 850 514 888 ἀρκοῦσαν
528 849 554 876 ἐν
570 853 622 881 τοῖς
638 848 729 881 δεινοῖς
741 848 838 883 ταύτην

69 893 172 933 ἔχοντες
187 893 234 929 τὴν
256 894 442 933 παραμυθίαν,
458 893 527 932 μήτε
544 893 694 934 θορυέεἱσθέ
715 906 766 922 τινι
787 895 838 922 τῶν

68 939 224 978 γινομένων,
248 940 315 978 μήτε
341 939 474 969 διαλίπετε
495 941 609 979 συνεχῶς
633 942 696 978 ἡμῖν
719 939 839 969 ἐπιστέλ-

68 986 162 1018 λοντες.
178 985 359 1024 Ἰἰὸουλόμεθα
373 985 419 1023 μὲν
432 985 482 1026 γὰρ
495 986 539 1014 καὶ
553 985 684 1025 παρόντας
695 987 764 1023 ὑμᾶς
777 987 838 1014 ἰδεῖν

68 1031 113 1060 καὶ
132 1031 348 1070 περιπτύξασθαι.
363 1031 474 1067 Ἐπειδὴ
494 1031 521 1059 δὲ
541 1034 618 1060 τοῦτο
638 1031 702 1064 τέως
723 1033 769 1060 οὐκ
791 1032 838 1067 ἔνι,

69 1076 137 1105 ἀλλὰ
151 1076 237 1106 πολλὰ
252 1078 285 1106 τὰ
299 1077 454 1115 κωλύματα,
466 1079 582 1116 συνεχῶς
597 1080 660 1115 ἡμῖν
677 1077 837 1106 ἐπιστέλλειν

69 1121 105 1159 μὴ
131 1127 295 1158 κατοκνεῖτε,
319 1122 352 1151 τὰ
373 1123 432 1161 περὶ
449 1125 496 1158 τῆς
514 1122 611 1161 ὑγιείας
634 1123 770 1158 δηλοῦντες
792 1126 838 1158 ἰ-’ῆς

67 1167 202 1207 ὑμετέρας.
223 1168 292 1197 Ἰστε
316 1167 367 1208 γὰρ
389 1168 500 1203 ’ἡλίκον
521 1171 584 1206 ἡμῖν
609 1171 743 1208 χαριεῖσθε
763 1171 838 1197 τοῦτο

67 1215 215 1250 ποιοῦντες,
239 1214 284 1242 καὶ
310 1213 373 1250 ὅσης
396 1217 467 1251 ἡμᾶς
493 1215 642 1252 ἐμπιπλᾶτε
670 1217 717 1250 τῆς
743 1216 836 1255 εὖφρο-

67 1258 153 1294 σύνης.

65 1501 112 1535 ἶς’.
128 1504 235 1544 Κάστῳ,
256 1503 410 1543 Οὐαλερίῳ,
425 1503 438 1519 b
447 1504 583 1543 Διοφάντῳ
592 1527 599 1540 ,
615 1506 738 1544 Κυριακῷ
747 1528 754 1540 ,
768 1517 833 1544 πρε-

289 1549 424 1589 σευτέροις
439 1549 604 1589 Ἀντιοχείας.

102 1642 145 1680 Τῇ
160 1641 264 1680 γλώττῃ
280 1641 328 1679 μὲν
342 1641 459 1680 ὀλιγάκις
471 1643 544 1680 ὑμῶν
559 1642 697 1672 ἐπέστειλα
708 1645 741 1682 τῇ
757 1643 833 1672 εὐλα-

61 1686 134 1726 6είᾳ,
157 1689 190 1726 τῇ
214 1686 307 1725 γνώμῃ
333 1686 359 1715 δὲ
389 1686 574 1727 συνεχέστερον
596 1688 641 1717 καὶ
664 1689 830 1728 πυκνότερον.

60 1737 71 1748 ‘
81 1733 127 1767 Μὴ
140 1732 171 1768 δὴ
183 1732 311 1765 τοσαύτας
323 1727 389 1761 εἶναι
403 1734 519 1771 νομίζετε
531 1736 607 1772 ἡμῶν
621 1733 668 1766 τὰς
682 1734 830 1768 ἐπιστολὰς,

59 1777 122 1811 ὅσας
140 1777 298 1811 ὑπεδέξασθε
316 1777 360 1807 διὰ
379 1779 478 1818 χάρτου
493 1779 536 1807 καὶ
553 1779 677 1818 μέλανος,
694 1781 753 1808 ἀλλ’
767 1780 831 1814 ὅσας

59 1826 238 1861 ἐπεθυμοῦμεν
255 1826 316 1861 ὑμῖν
339 1824 547 1863 διαπέμψασθαι.
563 1826 596 1854 Εἰ
615 1825 666 1864 γὰρ
685 1825 752 1854 οὕτω
771 1828 830 1864 βου-

58 1869 180 1904 ληθείητε
204 1868 326 1904 δικάσαι,
349 1869 454 1908 νιφάδες
474 1870 638 1908 γραμμάτων
667 1872 730 1909 παρ’
753 1873 830 1908 ἡμῶν

58 1915 123 1953 πρὸς
143 1915 212 1951 ὑμᾶς
233 1914 413 1952 ἐπέμφθησαν.
430 1915 462 1942 Εἰ
481 1914 508 1943 δὲ
527 1916 609 1948 οὐδεὶς
628 1918 642 1944 ὁ
662 1916 830 1953 διακομίζων,

59 1960 88 1988 οὔ
103 1962 150 1994 τῆς
163 1958 293 1997 ἡμετέρας
304 1958 453 1998 ὀλιγωρίας,
465 1959 533 1988 ἀλλὰ
542 1962 589 1994 τῆς
599 1963 651 1989 τῶν
665 1961 828 2000 πραγμάτων

60 2004 197 2036 δυσκολίας
211 2006 227 2039 ἡ
251 2003 311 2042 σιγὴ
334 2003 442 2042 γίνεται.
463 2006 558 2033 Ταῦτα
578 2005 605 2033 δὲ
620 2001 706 2040 εἶπον,
723 2005 766 2033 ἵνα
783 2005 829 2034 καὶ

57 2050 210 2090 γραφόντων
222 2052 298 2088 ἡμῶν
307 2072 314 2086 ,
329 2050 374 2078 καὶ
391 2050 538 2088 σιγώντων,
552 2050 600 2086 τὴν
612 2051 693 2086 αὐτὴν
706 2051 766 2090 περὶ
783 2053 830 2086 τῆς

55 2097 186 2137 ἡμετέρας
198 2096 303 2135 ἀγάπης
312 2098 359 2131 τῆς
370 2096 433 2136 περὶ“
443 2098 510 2134 ὑμᾶς
522 2096 618 2136 φέρητε
628 2098 723 2136 ψῆςιον.
734 2097 828 2135 ζΗμεῖς

54 2142 106 2182 γὰρ
122 2142 238 2181 ὅπουπερ
252 2142 283 2169 ἂν
299 2136 386 2179 ὦμεν,
401 2142 593 2180 ἐγκολάψαντες
610 2145 686 2180 ἡμῶν
707 2144 740 2181 τῇ
766 2144 827 2172 δια-

53 2188 111 2228 νοίᾳ
120 2187 168 2222 τὴν
181 2188 287 2226 μνήμην
300 2186 347 2222 τὴν
359 2187 486 2226 ὑμετέραν
496 2190 632 2227 πανταχοῦ
643 2189 826 2228 περιφέρομεν.

52 2234 106 2264 Καὶ
120 2237 163 2262 νῧν
179 2233 205 2262 δὲ
225 2234 303 2272 χάριν
321 2236 382 2271 ὑμῖν
403 2234 477 2272 ἴσμεν
492 2233 607 2269 πολλὴν,
622 2233 663 2262 ὅτι
682 2234 726 2262 τὸν
746 2235 825 2263 καλὸν

53 2280 167 2318 μοναχὸν
179 2279 224 2308 καὶ
238 2279 306 2317 μετὰ
317 2282 363 2314 τῆς
375 2280 526 2318 πρεπούσης
536 2281 598 2318 ὑμῖν
614 2280 714 2313 εὐνοίας
735 2281 826 2309 ὑπεδέ-

53 2324 129 2358 ξασθε
138 2347 146 2361 ,
157 2325 202 2354 καὶ
216 2325 274 2358 τοὺς
290 2325 463 2364 βουλομένους
477 2325 593 2365 ἀκαίρως
607 2326 672 2366 πρὸς
687 2327 763 2356 αὐτὸν
783 2340 825 2367 φι-

86 2403 99 2422 d
116 2403 231 2434 Coisun„
239 2404 321 2429 Vatie.
328 2410 354 2428 et
362 2405 461 2429 Fabric.
469 2407 634 2439 Μαρκελλιανῷ
644 2404 746 2431 habent.
756 2405 813 2430 Mox

54 2448 105 2466 tres
115 2442 173 2468 Mss.
185 2447 212 2471 ἢν
223 2445 355 2474 ὑπομένετε.

90 2490 101 2500 ·
118 2482 180 2505 Tres
191 2481 249 2507 Mss.
262 2485 342 2513 filiu,
357 2491 420 2507 unus
432 2486 518 2512 ἡλίκην.

89 2523 103 2542 l»
121 2515 339 2555 Vaticsmoffwq,
351 2529 447 2554 semper
465 2521 540 2546 habet
554 2532 558 2545 :
572 2523 597 2547 in
614 2522 673 2556 RQ.
689 2522 764 2546 etiam
781 2523 816 2547 ita

1004 254 1091 282 LXV.
1109 255 1264 283 Marciano
1278 261 1305 283 et
1324 256 1508 283 stlarcellino.

934 346 1005 374 Satis
1021 347 1140 386 amplum
1158 347 1279 375 man-oris
1294 347 1377 385 illius,
1393 358 1480 386 quem,
1494 354 1523 376 ut
1535 358 1567 376 ex
1580 347 1612 375 li-
1623 348 1714 371 Curam.
1727 357 1767 369 an-

895 391 957 420 tcris
980 392 1075 420 vestris
1098 393 1196 432 accepi,
1223 393 1366 429 sustinetis,
1387 394 1511 422 solatium
1537 393 1614 421 vobis

894 444 932 466 cst
950 437 1134 477 philosophica
1150 438 1206 466 lia‘c
1230 445 1316 467 vesu-:1
1341 450 1424 475 mens,
1442 450 1473 467 ac
1490 439 1614 467 sublimis

850 505 885 524 629
893 490 918 511 ct
934 483 1011 511 firma
1032 491 1208 521 constansque
1221 484 1336 512 affectio.
1357 485 1392 512 Ut
1407 484 1477 512 onim
1495 484 1568 512 molli
1584 495 1614 511 ac

859 533 877 554 Α
893 528 1025 557 dissoluto
1039 529 1141 556 homini
1160 539 1191 557 ne
1205 530 1386 567 tranquillitas
1401 530 1510 567 quidem
1523 540 1554 557 ac
1575 541 1613 557 sv-

892 572 995 601 cundus
1013 583 1106 601 cursus
1123 582 1247 610 magnam
1263 573 1346 600 ullam
1362 573 1505 600 utilitatem
1520 573 1614 600 afferre

892 624 994 656 potest:
1007 617 1044 645 sic
1057 618 1165 646 firmum
1181 625 1206 646 et
1221 618 1338 646 solidum
1351 625 1376 645 et
1391 617 1547 656 vigilantem
1565 617 1614 646 vi-

892 674 952 692 rum
968 673 1000 692 ne
1011 664 1102 702 gravis
1114 664 1224 702 quidem
1239 671 1382 704 tempestas
1395 675 1523 702 umquam
1539 674 1613 693 com-

892 716 993 744 movet,
1008 720 1103 738 verum
1119 710 1260 738 clariorem
1276 717 1300 738 et
1317 710 1491 738 illustriorem
1506 709 1608 738 reddit.

891 754 931 783 Ea
945 755 1015 783 enim
1030 755 1207 783 tentationum
1223 762 1316 784 natura
1331 762 1379 792 est,
1395 762 1424 783 ut
1439 755 1472 783 iis
1485 756 1530 794 qui
1547 757 1612 784 sorti

890 800 979 829 animo
995 811 1038 829 cas
1052 801 1150 838 ferunt,
1168 801 1252 829 multa
1267 802 1376 840 prsemia
1402 800 1612 840 splendidasque

891 857 1000 875 coronas
1011 853 1134 875 accersat.
1148 846 1211 875 Haec
1222 847 1305 885 igitur
1315 857 1375 875 curn
1386 847 1464 876 vobis
1474 854 1611 886 perspecta

891 892 961 929 sint,
982 892 1197 921 reverendissimi
1209 904 1239 921 ac
1254 893 1413 921 nobilissimi
1426 893 1530 921 domini
1545 893 1609 929 mei,

891 948 1006 976 cumque
1017 938 1085 966 hanc
1094 938 1157 966 satis
1168 938 1286 978 amplam
1298 938 1323 967 in
1337 939 1416 966 rebus
1427 938 1530 967 acerbis
1544 949 1613 967 con-

891 983 1045 1012 solationem
1068 983 1189 1012 habeatis
1205 995 1210 1011 :
1227 984 1295 1012 nihil
1310 984 1417 1021 horum,
1439 994 1500 1022 quae
1520 984 1609 1021 fiunt,

856 1032 874 1055 B
890 1029 993 1058 animos
1004 1036 1106 1058 vestros
1116 1029 1265 1069 perturbet,
1281 1036 1362 1068 atque
1370 1040 1451 1068 quam
1462 1030 1611 1069 saepissime

890 1077 925 1105 ad
939 1088 986 1106 nos
1006 1077 1087 1106 velim
1104 1077 1234 1106 scribatis.
1257 1077 1365 1106 Etenim
1380 1077 1409 1106 id
1424 1077 1534 1116 quidem
1549 1089 1611 1106 ma-

891 1123 964 1151 xime
972 1123 1112 1159 vellemus,
1128 1130 1270 1163 przesentes
1279 1134 1327 1151 vos
1339 1123 1437 1152 intueri
1450 1130 1530 1162 atque
1539 1134 1611 1152 com-

891 1169 980 1208 plecti.
997 1169 1132 1204 Quoniam
1145 1176 1248 1205 autem,
1265 1169 1410 1208 quominus
1422 1169 1449 1198 id
1465 1179 1536 1197 nunc
1551 1169 1609 1198 sieri

891 1214 983 1253 possit,
1000 1214 1084 1243 multa
1098 1214 1289 1253 impedimento
1304 1222 1376 1251 sunt,
1400 1215 1457 1243 sine
1470 1215 1609 1243 intermis—

890 1260 963 1289 sione
985 1259 1019 1289 ad
1034 1271 1081 1289 nos
1101 1261 1228 1297 scribere,
1249 1271 1280 1289 ac
1304 1260 1338 1289 de
1352 1268 1438 1289 vestra
1456 1260 1611 1290 valetudine

889 1307 1016 1335 certiores
1036 1317 1084 1335 nos
1101 1307 1186 1335 facere
1201 1317 1233 1335 ne
1249 1307 1409 1346 gravemini.
1431 1307 1512 1336 Scitis
1525 1307 1607 1345 enim,

888 1359 1026 1389 quantam,
1038 1352 1061 1381 si
1073 1352 1124 1381 hoc
1134 1353 1248 1389 faciatis,
1260 1364 1275 1381 a
1287 1353 1364 1381 nobis
1375 1353 1493 1391 gratiam
1506 1353 1610 1390 inituri,

888 1404 1039 1436 quantaque
1051 1408 1099 1426 nos
1112 1399 1252 1437 voluptate
1265 1398 1428 1426 cumulaturi
1442 1397 1508 1426 sitis.

885 1507 991 1536 LXVI.
1007 1507 1106 1543 Oasin,
1122 1508 1250 1543 Valerio,
1267 1508 1448 1547 Diophanto,
1465 1508 1603 1544 Cyriaco,

1056 1552 1227 1581 Antiochia²
1240 1554 1431 1591 presbyteris.

924 1643 1029 1681 Lingua
1047 1643 1159 1681 quidem
1181 1653 1240 1672 raro
1255 1643 1290 1672 ad
1305 1654 1353 1672 vos
1377 1643 1491 1684 scripsi3
1516 1645 1606 1674 animo

883 1695 972 1717 autem
986 1689 1079 1718 crebro
1099 1700 1128 1718 ac
1150 1689 1312 1728 frequenter.
1333 1691 1424 1726 Quare
1439 1701 1472 1719 ne
1491 1691 1606 1721 totidem

849 1740 868 1763 C
883 1733 1023 1762 dumtaxat
1036 1735 1161 1774 epistolas
1175 1742 1277 1764 nostras
1291 1746 1346 1764 esse
1357 1736 1526 1772 existimetis,
1539 1745 1606 1776 quot

882 1790 930 1818 per
946 1780 1066 1808 chartam
1084 1787 1110 1808 et
1129 1788 1309 1809 atramentum
1333 1782 1484 1821 accepistis,
1510 1793 1605 1811 verum

882 1832 947 1863 quot
960 1825 994 1853 ad
1008 1836 1057 1854 vos
1071 1826 1176 1854 mittere
1191 1826 1356 1864 cupivimus.
1372 1827 1441 1855 Nam
1461 1827 1482 1855 si
1500 1838 1556 1855 rem
1569 1828 1605 1856 ita

882 1878 1006 1910 reputare
1024 1871 1176 1906 volueritis,
1192 1878 1325 1899 sexcentae
1340 1872 1457 1911 profecto
1474 1872 1557 1901 literae
1571 1872 1607 1901 ad

882 1927 930 1945 vos
940 1927 956 1944 a
973 1916 1050 1944 nobis
1062 1916 1149 1944 missa?
1166 1923 1238 1944 sunt.
1253 1916 1302 1945 Sin
1313 1924 1401 1945 autem
1414 1928 1491 1946 nemo
1508 1926 1547 1947 est
1559 1918 1606 1957 qui

882 1962 1004 2001 perferat,
1013 1972 1066 1990 non
1074 1968 1171 1990 nostroe
1180 1961 1319 1995 socordiae,
1328 1962 1374 1991 sed
1382 1974 1471 1992 rerum
1482 1964 1604 1993 difficul-

881 2005 929 2034 tati
938 2005 1074 2033 silentium
1084 2012 1203 2034 nostrum
1212 2005 1330 2034 adscribi
1338 2006 1426 2036 debet.
1437 2008 1500 2037 Haec
1510 2016 1600 2037 autem

880 2051 948 2087 dixi,
962 2058 992 2079 ut
1003 2051 1059 2079 sive
1072 2051 1232 2087 scribamus,
1249 2052 1306 2080 sive
1317 2059 1462 2089 taceamus,
1480 2054 1604 2083 eamdem

881 2097 914 2125 de
923 2104 1011 2125 nostra
1023 2107 1085 2136 erga
1095 2107 1142 2124 vos
1151 2097 1260 2125 caritate
1269 2098 1425 2127 sententiam
1433 2099 1532 2128 seratis.
1550 2101 1604 2129 Nos

881 2143 971 2179 enim,
998 2153 1166 2181 quocumque
1188 2143 1215 2171 in
1239 2143 1297 2172 loco
1317 2144 1401 2174 simus
1414 2167 1422 2181 ‚
1447 2145 1560 2174 incisam
1577 2146 1604 2174 in

845 2195 864 2218 D
880 2189 971 2218 animo
991 2195 1081 2217 nostro
1099 2189 1183 2217 vestri
1197 2189 1354 2218 memoriam
1376 2190 1600 2220 circumferimus.

881 2237 920 2264 Ac
933 2245 1004 2263 nunc
1017 2233 1128 2272 quidem
1143 2234 1278 2273 ingentem
1292 2235 1369 2264 vobis
1384 2236 1498 2275 gratiam
1514 2237 1600 2266 habe-

879 2291 951 2317 mus,
971 2279 1044 2319 quod
1054 2279 1172 2319 probum
1188 2281 1351 2309 monachum
1365 2292 1427 2310 cum
1442 2293 1482 2317 ea,
1512 2294 1571 2321 quae
1586 2294 1601 2311 a

878 2327 958 2356 vobis
978 2325 1184 2366 postulabatur,
1215 2325 1400 2355 benevolentia
1423 2328 1577 2367 suscepistis
1590 2351 1598 2365 ,

838 2405 938 2439 legitur.
952 2403 1021 2429 Editi
1032 2408 1141 2439 Διορὰμτρ
1159 2404 1214 2436 hic3
1225 2413 1283 2428 nam
1296 2404 1360 2429 iufra
1372 2411 1485 2440 ΔιαῩά-κῳ
1497 2406 1598 2430 habent.

872 2452 883 2464 e
900 2443 977 2470 Coisl.
988 2449 1022 2476 μὴ
1035 2447 1145 2472 τοσαύτας
1158 2453 1164 2467 t
1176 2452 1231 2476 quae
1244 2450 1381 2476 sequuntur
1394 2446 1418 2469 in
1432 2445 1529 2478 aliquot
1540 2445 1589 2469 Mss

842 2484 928 2508 vitiata
941 2489 1012 2514 sunt,
1026 2482 1069 2508 sed
1081 2482 1143 2507 bene
1156 2482 1250 2507 habent
1263 2483 1287 2507 in
1299 2483 1383 2507 Edito.

1625 389 1652 401 na>
1675 387 1698 400 ιιι
1725 388 1765 407 pu<

1625 417 1682 432 tatur
1693 410 1747 440 [μιῇ.
