1813 2784
168 112 213 146 (sit)
485 125 512 147 S.
541 125 678 147 Jotffixts
705 125 885 147 CHRYSOST.
917 125 1070 148 Atinium).
1099 126 1364 150 CONSTtNTiNOP.

170 193 245 220 snut,
259 189 474 215 resurrectionis
490 188 698 216 demonstratio
711 190 813 215 iterum
826 188 983 225 asserenda
999 194 1072 215 erat.
1086 189 1209 225 Quando
1226 191 1313 217 etiam
1328 190 1408 217 :Icta
1426 190 1635 228 Apostolorum
1653 202 1702 220 ac-

169 235 315 270 cipientes,
333 233 401 260 inde
415 235 499 261 vobis
513 234 683 272 frequentia
703 235 838 261 convivia
855 234 1039 270 apposuimus
1056 244 1064 269 3
1081 243 1116 260 ac
1132 234 1240 262 inultas
1255 237 1426 274 crebrasque
1440 237 1652 265 admonitiones
1666 240 1701 265 iis

169 279 310 312 dedimus,
323 280 373 317 qui
387 289 477 317 nuper
487 279 646 317 [baptismi]
655 281 782 317 gratiam
793 284 975 315 acceperant.
986 278 1036 305 Hic
1049 288 1172 316 magnam
1183 279 1355 309 homiliarum
1369 281 1530 310 continenter
1548 283 1701 311 habitarum

169 323 264 351 seriem
279 323 420 352 habemus.
438 325 487 352 Per
503 331 583 352 totam
605 324 688 361 igitur
702 322 942 361 Quadragesimam
955 323 1085 351 llomilias
1102 323 1169 352 duas
1190 332 1214 352 et
1229 325 1337 363 triginta
1351 327 1451 365 priores
1465 328 1491 355 in
1505 328 1631 356 Genesim
1652 328 1702 355 ha—

168 368 247 397 buit:
272 368 348 397 Feria
369 376 458 397 autem
481 369 572 407 quinta
596 370 621 397 in
637 370 716 397 Coena
731 369 836 397 Domini
851 368 1028 396 Ilomiliarum
1051 369 1077 396 in
1091 370 1215 397 Genesim
1243 381 1349 400 cursum
1375 373 1524 412 intercepit,
1542 381 1570 401 ut
1588 373 1620 401 de
1630 374 1700 402 Juda

168 414 306 442 Proditore
320 414 483 452 loqueretur,
505 415 577 452 quod
599 415 676 443 ctiam
693 414 749 453 ipse
767 414 832 442 dicit
850 414 926 441 initio
944 414 1016 442 illius
1033 415 1156 443 Humilia:
1171 415 1204 443 de
1218 416 1299 451 juda,
1314 418 1390 455 cujus
1410 419 1528 455 initium,
1545 419 1700 457 ἐδουλόμην,

168 459 310 497 ἀγαπητοί,
328 470 386 497 quae
406 460 524 498 sequitur
539 460 599 488 illas
622 460 728 497 triginta
743 459 810 487 duas
831 460 855 487 in
873 460 997 488 Genesim
1012 460 1145 488 homilias.
1162 461 1212 488 Dio
1235 462 1392 491 parasceves
1413 465 1529 502 sequenti
1556 463 1701 493 Ilomiliain

168 505 263 533 habuit
277 504 311 533 de
324 506 408 533 Cruce
421 513 445 533 et
461 506 585 543 Latrone,
600 505 755 533 alterutram
770 516 804 533 ex
817 505 858 541 iis,
873 516 939 543 quus
951 506 1074 533 continua
1090 506 1156 534 serie
1172 506 1305 535 edidimus
1317 509 1395 536 Tum.
1408 512 1426 536 ἐξ
1442 521 1448 536 :
1460 520 1530 545 nam,
1539 518 1569 538 ut
1582 510 1616 539 de
1626 512 1700 538 Con-

169 551 242 578 cione
258 550 284 578 in
298 551 398 580 Judam
414 551 579 587 dicebamus,
597 561 654 579 eam
671 550 712 579 bis
728 551 952 590 aChrysostomO,
971 551 1017 579 sed
1032 558 1208 585 retractatam,
1221 559 1245 580 et
1257 553 1359 590 aliquot
1376 554 1401 582 in
1416 554 1480 583 locis
1495 563 1632 587 mutatam,
1647 557 1698 584 ha—

168 597 253 624 bitam
266 597 357 633 fuisse,
380 597 497 636 idipsum
519 596 746 635 deprehendimus
764 596 798 624 de
813 597 929 625 Homilia
950 596 976 624 in
992 597 1104 624 Crucem
1119 605 1143 625 et
1161 598 1312 634 Latronem,
1326 606 1354 626 ut
1368 599 1393 627 in
1408 601 1512 628 Monito
1527 602 1560 629 ad
1578 602 1699 629 eamdem

169 642 269 672 videas.
282 644 373 670 Postea
389 653 450 670 vero
472 642 499 670 in
521 641 564 670 die
585 642 692 670 Paschae
708 649 797 670 contra
819 642 936 671 ebriosos
950 650 975 670 et
994 642 1027 671 de
1046 644 1236 672 resurrectione
1248 645 1417 673 concionatus
1433 653 1482 681 est,
1498 654 1526 675 ut
1547 648 1603 686 jam
1618 659 1699 687 supra

169 688 296 716 vidimus.
311 689 444 727 Tempore
455 695 543 716 autem
562 688 679 726 paschali
692 688 824 716 Homilias
837 689 862 716 in
877 688 1039 727 principium
1052 691 1178 717 Actorum
1193 689 1299 727 habuit7
1312 701 1424 728 quarum
1436 699 1549 729 quatuor
1563 693 1604 721 vel
1617 694 1697 731 quiu-

167 745 218 771 que
228 741 380 772 supersunt,
395 734 414 761 si
430 744 634 761 annumeremus
647 733 719 761 illam
734 733 768 762 de
779 745 831 771 qua
845 734 930 762 initio.

207 780 278 807 Care
286 786 462 818 autemvputes
470 779 517 807 has
530 779 555 806 111
567 781 630 807 Acta
645 779 830 818 Apostolorum
842 779 977 813 homilias,
985 791 1043 818 qum
1055 781 1080 809 in
1089 792 1168 820 supra
1180 782 1261 810 allato
1272 782 1328 811 loco
1338 791 1527 819 memorantur,
1538 796 1593 813 esse
1602 796 1698 825 corpus

167 824 235 852 illud
256 825 435 853 Homiliarum
452 825 478 852 in
496 826 571 861 Acta,
590 836 649 862 quae
665 836 760 863 magno
777 836 886 853 numero
904 826 971 853 infra
991 825 1100 854 edentur
1114 839 1120 862 ;
1140 838 1200 855 nam
1217 827 1269 856 illae
1285 828 1513 868 Constantinopoli
1530 830 1601 858 hand
1618 830 1699 858 dubie

166 870 265 899 habita}
285 877 356 907 sunt,
372 871 413 898 ha:
427 881 489 899 vero
505 871 530 898 in
550 871 713 910 principium
733 873 871 906 Actorum,
891 871 1048 907 Antiochizc,
1069 879 1098 900 ut
1113 872 1245 910 liquidum
1260 880 1316 901 cst:
1332 881 1410 912 atquc
1426 875 1451 902 111
1472 875 1557 914 prim-¹1
1578 882 1602 903 et
1623 876 1698 904 tertia

166 916 200 944 ad
215 927 300 955 nuper
313 917 458 956 baptizatos
470 917 663 944 cohortationes
678 916 916 945 animadvertinms
932 917 1002 952 illas,
1021 928 1087 954 quas
1100 917 1126 945 in
1143 918 1201 945 loco
1215 929 1294 957 supra
1307 919 1386 947 allato
1402 931 1429 948 50
1444 920 1568 949 habuisse
1580 932 1697 949 commc—

167 969 259 990 morat,
276 963 338 991 Post
353 963 412 991 illas
424 973 486 992 vero
501 963 526 990 in
544 962 708 1002 principium
724 965 851 991 Actorum
872 963 1009 992 conciones
1023 962 1203 991 intermissum
1221 964 1385 993 Concionum
1398 966 1424 993 in
1436 967 1562 995 Genesim
1577 967 1698 995 ordinem

167 1008 375 1047 Chrysostomus
389 1008 492 1047 repetit.

205 1054 256 1082 Hic
270 1055 355 1083 cernis
374 1065 498 1093 magnam
519 1062 543 1082 et
564 1055 732 1094 perspicuam
748 1056 902 1084 concionum
926 1056 1029 1092 seriem,
1043 1056 1137 1085 eodem
1158 1057 1277 1085 habitam
1296 1068 1374 1086 anno.
1395 1059 1528 1097 Quodque
1540 1060 1639 1088 mirum
1652 1061 1696 1088 vi-

166 1100 272 1136 deatur,
290 1101 316 1128 in
338 1107 410 1128 tanto
422 1100 595 1128 homiliarum
611 1101 725 1128 decursu
746 1112 776 1128 nc
787 1104 834 1140 γρῦ
849 1101 957 1138 quidem
970 1110 1122 1140 comparet,
1145 1102 1215 1130 unde
1229 1103 1290 1140 quis
1310 1103 1354 1131 ille
1368 1104 1446 1132 fuerit
1466 1116 1551 1133 annus
1567 1106 1698 1145 expiscari

164 1146 205 1175 vel
230 1146 404 1184 probabiliter
418 1146 557 1184 possimus.
566 1146 700 1184 Opinatur
715 1146 903 1174 Tillcmontius
921 1147 1037 1184 aliquam
1060 1149 1186 1187 temporis
1209 1155 1298 1176 notatu
1320 1160 1394 1188 posse
1409 1150 1515 1189 decerpi
1532 1162 1565 1179 ex
1578 1151 1697 1180 Hoinilia

167 1191 284 1219 secunda
296 1191 329 1219 (10
344 1191 443 1220 Christi
461 1191 598 1227 Precibus,
615 1192 659 1220 ubi
673 1192 710 1219 sic
726 1192 831 1220 orditur
842 1192 1049 1231 Chrysostomus
1064 1205 1069 1220 ε
1083 1195 1177 1226 ἱκανῶς
1193 1196 1219 1222 ἐν
1236 1200 1291 1227 ταῖς
1308 1195 1453 1235 ἔμπροσθεν
1469 1198 1698 1236 ἐπανηγυρίσαμεν

162 1238 288 1276 ἡμέραις,
305 1239 356 1265 τῶν
377 1238 462 1266 ἄθλων
487 1237 671 1275 ἐπιλαῧόμενοι
688 1240 740 1266 τῶν
762 1240 941 1267 ἁποστολικῶν
959 1239 1002 1266 καὶ
1024 1242 1056 1277 τῇ
1083 1240 1201 1277 διηγήσει
1223 1243 1276 1268 τῶν
1294 1244 1476 1278 πνευματικῶν
1494 1243 1700 1282 ἐντρυφήσαντες

162 1283 385 1321 κατορθωμάτων,
403 1282 420 1310 1.
436 1293 459 1310 e.
478 1283 676 1321 Superioribus
691 1285 790 1312 diebus
807 1285 922 1312 abunde
937 1286 967 1311 in
981 1285 1088 1312 celebri
1101 1291 1174 1313 ccetn
1189 1288 1340 1314 conciones
1355 1287 1520 1320 habuimus,
1538 1289 1698 1326 apostolica

162 1330 324 1356 certamina
339 1334 510 1363 tractantes,
531 1335 558 1356 et
573 1330 769 1367 spiritualium
791 1330 1031 1368 rectesnctornm
1051 1333 1219 1358 narratione
1240 1342 1291 1359 nos
1315 1332 1502 1361 oblectantes.
1522 1334 1592 1369 time,
1610 1334 1697 1372 inquit

162 1374 216 1409 ille,
231 1374 376 1413 apostolica
393 1374 536 1402 certamina
551 1375 726 1412 probabiliter
748 1375 838 1402 referri
858 1382 968 1414 possunt
988 1375 1021 1403 ad
1039 1376 1179 1404 Concionis
1200 1376 1372 1415 praecedentis
1395 1378 1484 1406 locum
1502 1379 1590 1415 illum,
1606 1391 1699 1409 versus

163 1419 254 1453 tinem,
273 1419 319 1446 ubi
342 1419 379 1446 ait
401 1419 533 1457 apostolos
557 1430 612 1447 esse
635 1420 710 1457 quasi
732 1420 875 1458 principes,
892 1431 1006 1458 (piorum
1022 1422 1147 1459 111-1001313
1170 1430 1241 1460 gesta
1256 1430 1317 1450 sunt
1335 1424 1501 1452 recensenda.
1525 1427 1627 1454 Verum
1646 1436 1699 1454 non

162 1464 352 1493 animadvertit
363 1464 561 1499 Tillemontius,
578 1465 603 1492 in
620 1465 667 1493 illo
684 1465 805 1493 lloiniliae
818 1466 843 1493 ll
867 1465 900 1493 (10
915 1466 1014 1494 Christi
1031 1467 1157 1495 Precibus
1168 1467 1299 1507 principio
1316 1468 1349 1496 de
1363 1469 1454 1497 multis
1468 1470 1494 1498 in
1515 1471 1696 1510 apostolorum

163 1510 305 1538 certamina
329 1509 500 1537 concionibus
515 1510 570 1547 agiy
585 1510 656 1548 quod
672 1521 723 1538 non
745 1518 829 1549 potest
851 1511 982 1548 quadrare
1001 1512 1036 1540 ad
1050 1512 1205 1547 l‘lomiliam,
1221 1524 1278 1551 quae
1299 1514 1324 1542 111
1343 1515 1416 1553 prius
1431 1515 1509 1544 editis
1529 1517 1695 1555 praecedcbat

164 1556 237 1584 illam
251 1556 284 1584 de
303 1555 403 1584 Christi
428 1556 560 1594 precibus,
576 1567 709 1594 quamque
729 1567 776 1585 nos
793 1557 970 1596 Chysostomo
992 1557 1059 1586 duce
1079 1559 1193 1597 primam
1213 1559 1239 1586 in
1260 1559 1424 1599 principium
1446 1564 1573 1590 Actorum
1598 1563 1696 1591 consti-

164 1602 273 1630 tuimus.
290 1601 394 1630 Deinda
409 1602 525 1629 Homilia
542 1602 587 1630 illa
602 1602 715 1630 secunda
729 1602 763 1631 dc
777 1603 875 1631 Christi
890 1604 1014 1643 precibus
1029 1615 1097 1632 anno
1118 1606 1174 1633 587
1191 1605 1282 1634 habita
1305 1613 1354 1641 est,
1376 1607 1434 1646 ipso
1449 1608 1546 1637 fatente
1573 1616 1696 1648 recteque

162 1655 292 1676 statuente
306 1647 488 1683 Tillcmontio,
503 1659 554 1685 qua
565 1659 629 1676 vcro
643 1648 704 1676 anni
721 1655 795 1687 parte
807 1649 936 1677 incertum
950 1662 957 1683 ;
974 1650 1021 1678 scd
1036 1651 1076 1679 vol
1092 1657 1151 1678 ante
1163 1651 1204 1678 vel
1220 1658 1277 1689 post
1292 1652 1530 1691 Quadragesimam
1545 1655 1620 1683 illius
1633 1655 1696 1684 anni

163 1693 263 1722 dictam
284 1700 405 1732 oportet;
420 1693 441 1721 si
457 1700 517 1721 ante
533 1693 781 1731 Quadiagesiinain,
793 1695 927 1732 quomodo
946 1695 1045 1724 dixerit
1061 1696 1266 1738 Clu‘ysostomus
1289 1708 1316 1725 50
1332 1708 1416 1737 nuper
1430 1701 1456 1727 ἐν
1476 1704 1533 1733 ταῖς
1550 1701 1695 1738 ἔμπροσθεν

163 1740 273 1780 ἡμέραις
285 1739 318 1767 (10
332 1739 513 1778 apostolorum
530 1740 721 1767 certaminibus
736 1740 828 1778 egisse,
843 1740 877 1768 de
891 1741 1002 1769 homilia
1018 1742 1138 1780 loquens,
1156 1753 1235 1780 quam
1250 1743 1341 1782 paucis
1357 1752 1414 1783 post
1430 1745 1531 1773 Pascha
1545 1746 1607 1774 anni
1622 1758 1695 1785 prze-

162 1785 279 1814 ccdentis
290 1787 348 1814 586
364 1785 457 1813 diebus
469 1785 624 1813 habuisset?
639 1785 666 1814 Si
683 1793 740 1824 post
751 1785 990 1825 Quadragesimam
1004 1795 1028 1815 et
1045 1795 1149 1827 teinpus
1161 1788 1293 1827 paschale,
1308 1800 1367 1817 cum
1386 1790 1431 1818 illa
1448 1791 1564 1819 Homilia
1579 1792 1653 1831 prior
1668 1793 1694 1820 in

162 1832 324 1871 principium
340 1833 463 1859 Actorum
476 1830 566 1859 eodem
579 1842 648 1859 anno
659 1831 750 1859 habita
764 1832 843 1860 suerit
855 1833 881 1860 in
894 1840 1010 1871 tempore
1033 1834 1161 1872 paschali,
1172 1844 1224 1871 quo
1241 1834 1363 1863 Homiliae
1377 1836 1402 1863 in
1414 1837 1538 1865 Genesim
1552 1848 1599 1876 per
1613 1845 1694 1866 totam

162 1877 401 1915 Quadragcsimam
413 1877 510 1905 11311113ἱ
520 1884 591 1913 sunt,
603 1884 756 1915 sequeretur
769 1877 899 1905 Homilias
911 1878 936 1906 111
945 1879 1070 1907 Genesim
1081 1890 1149 1907 anno
1162 1881 1220 1907 5⁴57
1236 1879 1478 1919 inQuadragesima
1492 1882 1595 1911 habitas
1605 1883 1693 1912 fuisse.

128 1940 151 1959 50
163 1926 196 1951 At
213 1930 314 1951 certum
326 1929 363 1951 est
375 1922 612 1961 Quadragesimam
628 1929 710 1950 totam
721 1922 782 1950 311111
794 1923 851 1951 587
867 1923 991 1951 11011111115
1003 1925 1072 1952 eirca
1084 1926 1190 1953 Statuas
1204 1935 1309 1953 eversas
1321 1933 1345 1954 et
1360 1927 1537 1956 calamitatem
1549 1929 1693 1957 Antioche-

162 1979 222 1996 nam
236 1969 389 2006 insignitam
398 1968 487 1996 fuisse.
501 1968 625 2006 Alioquin
638 1979 700 1996 vero
711 1979 762 1996 non
774 1968 825 1996 sibi
839 1976 939 1997 constat
952 1969 1149 2006 Τ111011101111115,
1159 1971 1181 1998 si
1193 1971 1337 1999 Homiliam
1354 1972 1469 2010 primam
1488 1974 1514 2001 in
1530 1973 1692 2013 principium

161 2015 288 2041 Actorum
304 2014 439 2051 consignet
454 2013 480 2041 in
497 2024 596 2041 annum
611 2014 680 2047 587,
696 2014 804 2051 quando
831 2021 931 2042 certum
947 2016 1055 2043 omnino
1076 2023 1125 2049 est,
1143 2016 1199 2055 ipso
1216 2018 1312 2045 fatente
1324 2018 1513 2055 Tillemontio,
1527 2030 1584 2048 eam
1600 2020 1692 2049 eodem

160 2068 228 2086 anno
245 2058 444 2096 pronuntiatam
460 2059 556 2094 fuisse,
572 2070 625 2097 quo
640 2059 765 2087 Homiliae
781 2059 806 2087 in
823 2059 959 2097 Genesim,
973 2072 1039 2099 quas
1059 2061 1116 2100 ipse
1131 2062 1304 2100 probabiliter
1324 2064 1414 2092 statuit
1433 2075 1501 2092 anno
1516 2066 1572 2094 595
1587 2066 1692 2094 habitas

161 2103 287 2132 [111550.δί
302 2103 343 2131 vel
355 2103 433 2131 certis
448 2104 491 2131 vel
506 2104 697 2132 verisimilibus
709 2105 872 2143 argumentis
888 2106 914 2134 id
931 2113 1055 2135 statueret
1067 2107 1269 2145 Tillemonfius,
1282 2109 1353 2137 hunc
1370 2109 1442 2138 haud
1460 2110 1542 2139 dubie
1558 2111 1691 2140 calculum

159 2159 335 2186 sequeremur.
353 2147 406 2176 Sed
421 2158 481 2175 cum
496 2159 536 2176 res
547 2148 692 2177 admodum
708 2150 819 2179 obscura
836 2151 987 2190 incertaque
999 2152 1132 2187 videatur,
1146 2153 1229 2182 donec
1239 2154 1304 2192 quid
1319 2155 1485 2193 probabilius
1499 2164 1624 2195 emergat,
1639 2158 1691 2185 cal-

159 2194 218 2221 culo
233 2193 339 2221 serendo
354 2192 595 2232 supersedebinms.

199 2239 379 2268 Homiliarum
393 2239 419 2268 in
432 2239 596 2279 principium
609 2243 736 2270 Actorum
750 2242 932 2281 interpretatio
950 2250 988 2272 est
1003 2244 1143 2274 Frontonis
1158 2245 1259 2274 Ducaei.
