1843 2810
94 460 180 482 Macth.
196 459 234 482 25.

245 158 315 205 648

242 239 272 261 tu
282 232 388 272 jamdiu
399 226 579 273 principatum
590 241 671 271 tenes,
683 245 714 263 ac
725 242 849 262 coronam
860 230 956 269 adepta

561 172 590 196 S.
618 170 757 196 JOANNIS
782 168 962 194 CHRYSOST.
992 167 1147 193 ARCHIEP.
1176 170 1444 194 CONSTANTINOP-

1010 232 1056 259 τοῦ
1070 234 1149 270 χοροῦ
1171 232 1201 261 τὸ
1216 232 1298 270 ἥμισυ
1322 232 1399 272 μέρος
1413 231 1543 268 ἐξέὸαλεν,
1567 232 1657 267 ἐπειδὴ
1677 225 1774 268 ταύτης

243 287 278 314 es,
289 278 470 316 virginitatem
480 280 627 317 antecellat,
636 279 816 317 exvirginum
825 277 906 305 choro
916 275 958 303 di·
976 289 994 311 13
1012 285 1128 319 εἰσ-ἦλθον
1149 285 1246 324 γωρὶς,
1268 287 1366 323 μᾶλλον
1393 285 1420 313 δὲ
1446 284 1535 319 ἐπειδὴ
1558 285 1672 323 δαψιλῶς
1694 285 1774 314 “gf->v

1162 318 1169 323 .
1755 308 1760 321 Ι

244 323 356 352 midiam
381 331 485 363 parth
506 325 600 364 ejecit,
631 324 759 362 quoniam
784 323 884 359 absque
907 321 957 348 hac

244 368 343 398 virtute
361 370 483 408 ingressae
499 371 622 405 fueraut,
644 370 688 397 vel
705 368 792 407 potius
814 367 877 405 quia
899 376 958 394 eam

244 413 318 442 haud
331 415 436 454 copiose
451 415 622 454 possidebant
635 426 641 440 τ
655 413 752 441 etenim
767 412 856 440 oleum
875 411 958 439 habe-

240 459 308 489 ‘bant
318 483 327 497 ‚
341 467 368 488 at
383 461 489 500 parcius
505 470 585 498 quam
600 458 764 487 conveniret.
789 457 898 491 Contra,
914 466 958 484 eos

243 506 288 544 qui
301 507 356 534 sine
367 507 521 544 virginitate
533 511 706 541 accesserant,
721 503 793 541 quod
808 502 957 530 misericor-

243 551 290 579 dia
304 551 389 580 ornati
401 558 494 586 essent,
508 549 655 578 honorifice
667 548 788 588 excepit,
804 547 957 576 benedictos

244 596 332 625 Patris
352 596 392 624 sui
412 606 456 624 eos
485 595 622 634 appellans
632 617 639 630 ‚
664 594 699 622 ad
723 604 750 622 se
777 603 885 629 vocans,
916 603 957 620 re-

244 642 342 681 gnique
367 641 540 670 hereditatem
565 641 629 680 ipsis
654 640 824 679 impertiens,
849 649 878 667 ac
896 649 957 678 spe-

244 695 331 717 ctante
355 688 478 716 universo
492 694 622 716 terrarum
646 687 709 715 orbe
735 685 847 715 virtutes
862 694 958 713 eorum

244 734 406 773 praedicans3
418 740 497 771 atque
507 733 573 761 adeo
581 731 756 771 praesentibus
768 741 799 758 an
805 730 869 769 gelis
879 737 959 767 atque

245 779 370 807 universo
390 778 545 807 mortalium
571 787 675 816 genere,
702 777 773 815 ipsos
793 775 916 803 nutritios
934 781 959 802 et

244 824 362 863 hospites
386 834 446 852 suos
471 833 625 862 nuncupare
646 832 698 850 uon
715 821 859 849 dubitavit.
884 820 959 848 Hanc

243 877 273 898 tu
285 880 391 908 quoque
407 869 513 897 beatam
529 879 623 897 vocem
638 874 701 896 tunc
715 866 807 895 audies
820 878 827 902 ;
847 865 916 893 hanc
930 871 959 892 tu

245 915 394 943 mercedem
413 914 576 953 amplissime
595 912 774 950 consequeris.
796 913 879 940 Porro
899 921 960 938 cum

245 971 293 1000 pro
308 961 474 1000 eleemosyna
490 960 544 988 sola
567 966 637 987 tanta
652 958 770 997 praemia,
791 964 868 985 tantae
885 967 961 985 coro-

245 1015 296 1041 nae,
311 1011 384 1033 tanta
398 1003 516 1039 claritas,
535 1009 622 1031 tantus
637 1001 771 1040 splendor,
787 1007 861 1028 tanta
876 999 961 1037 gloria

245 1051 419 1090 percipiatur,
441 1049 463 1077 si
478 1049 544 1077 alias
559 1058 663 1085 quoque
677 1046 786 1074 virtutis
808 1053 859 1073 tuae
875 1051 961 1083 partes

245 1106 404 1130 recenseam,
417 1105 498 1132 quam
509 1093 614 1122 tandem
625 1092 730 1121 veniam
739 1090 857 1119 obtinere
867 1100 958 1127 queas,

245 1152 306 1179 quse
320 1152 381 1169 cum
403 1140 461 1168 idco
475 1140 571 1168 festum
593 1148 679 1176 agere,
701 1136 845 1171 exsultare,
867 1135 960 1163 choros

246 1188 353 1222 ducere,
374 1197 405 1215 ac
419 1196 513 1215 corona
529 1191 608 1224 caput
621 1183 758 1212 devincire
775 1182 884 1210 deberes
896 1204 903 1217 ,
923 1188 963 1209 te-

246 1234 332 1273 ipsam
348 1239 447 1268 contra,
462 1231 525 1269 quia
540 1230 609 1258 alius
621 1230 710 1257 furore
726 1235 818 1267 eaptus
830 1234 878 1263 est,
892 1227 962 1254 alius

246 1279 412 1319 praecipitem
427 1289 454 1306 se
470 1277 553 1313 dedit,
569 1286 667 1314 angore
682 1274 807 1303 conficias
817 1296 825 1309 ,
843 1273 962 1301 facilem-

248 1336 299 1363 que
314 1325 431 1359 diabolo⁷
456 1334 535 1362 quem
549 1321 583 1350 ad
598 1321 670 1349 huuc
684 1331 767 1358 usque
791 1319 863 1348 diem
879 1318 962 1346 lanci-

247 1381 311 1399 nare
334 1381 386 1398 non
407 1368 543 1404 destitisti,
560 1368 688 1396 adversus
705 1372 822 1394 sanctam
845 1364 963 1391 animam

248 1423 323 1444 tuam
342 1416 480 1443 incursum
500 1413 617 1441 reddas?
638 1413 705 1440 Nam
726 1409 791 1448 quid
813 1409 916 1438 variam
932 1419 963 1436 ac

248 1461 425 1500 multiplicem
451 1459 608 1498 patientiam
625 1465 699 1486 tuam
729 1454 960 1484 commemorem?

248 1517 307 1544 quse
322 1506 415 1540 oratio,
427 1504 499 1543 quod
514 1503 631 1532 historiae
646 1502 770 1530 volumen
785 1500 819 1528 ad
833 1510 891 1528 eam
906 1510 962 1528 rem

249 1552 318 1580 mihi
332 1551 396 1579 satis
409 1561 464 1578 esse
478 1556 565 1587 queat,
575 1548 602 1578 si
624 1547 787 1576 calamitates
800 1556 852 1581 eas,
868 1555 933 1583 quas
948 1555 962 1572 a

249 1596 346 1636 puerili
371 1602 446 1624 aetate
467 1595 503 1623 ad
518 1595 569 1622 hoc
590 1604 673 1631 usque
687 1600 791 1631 tempus
807 1590 941 1630 pertulisti
955 1613 962 1626 ‚

250 1652 384 1670 recensere
396 1641 488 1677 velim3
504 1640 554 1668 hoc
567 1646 615 1675 est,
631 1648 697 1676 quas
710 1644 763 1665 tam
775 1648 790 1664 a
805 1636 868 1673 tuis,
882 1645 964 1673 quam

250 1688 284 1716 ab
299 1688 403 1721 alienis,
428 1694 480 1714 tam
494 1686 527 1714 ab
547 1684 651 1719 amicis,
669 1693 749 1721 quam
767 1682 801 1710 ad
815 1681 938 1709 hostibus
954 1702 962 1717 ‚

250 1740 305 1761 tam
324 1733 358 1760 ab
377 1732 409 1760 iis
434 1731 481 1769 qui
498 1738 585 1759 tecum
609 1739 704 1767 genere
724 1727 859 1765 conjuncti
881 1733 964 1762 crant,

249 1787 329 1814 quam
345 1775 389 1814 qui
405 1775 478 1803 nullo
492 1772 701 1813 propinquitatis
713 1770 799 1809 gradu
814 1777 839 1798 te
854 1769 966 1807 attinge-

248 1823 326 1858 bant,
342 1828 396 1849 tam
408 1819 486 1848 abiis
496 1819 542 1857 qui
557 1817 672 1857 potentia
686 1816 823 1852 florebant,
838 1825 917 1853 quam
932 1815 966 1843 ab

249 1867 400 1896 humilibus
413 1872 439 1894 et
449 1864 568 1903 abjectis,
583 1870 637 1892 tam
649 1862 683 1890 ab
697 1861 730 1889 iis
744 1861 790 1899 qui
807 1861 965 1899 magistratu

248 1913 437 1951 fungebantur,
458 1921 539 1948 quam
561 1920 575 1937 a
600 1907 722 1947 privatis,
746 1917 777 1934 ac
796 1906 912 1943 denique
932 1905 966 1933 ab

249 1959 283 1987 iis
297 1959 341 1997 qui
354 1958 420 1986 inter
434 1956 543 1985 clericos
557 1953 741 1987 censebantur,
755 1951 899 1991 accepisti?
915 1951 967 1979 Ni-

250 2005 290 2033 hil
303 2003 375 2032 euim
386 2003 483 2031 horum
498 2007 553 2037 est,
570 1998 643 2038 quod
654 2021 661 2034 ,
680 1998 701 2027 si
718 1997 857 2036 sigillatim
872 1996 906 2024 ab
918 1996 967 2024 ali-

251 2061 304 2088 quo
325 2050 469 2083 reseratur,
494 2046 624 2085 integram
641 2044 781 2072 historiam
801 2042 904 2071 efficere
920 2053 966 2070 ne-

251 2102 338 2133 queat.
355 2093 437 2130 Quod
448 2093 469 2121 si
482 2092 542 2130 quis
553 2090 588 2119 ad
603 2090 722 2128 aliajam
736 2089 847 2127 hujusce
860 2087 968 2116 virtutis

253 2151 347 2179 genera
368 2150 395 2167 se
416 2144 570 2174 convertat,
592 2146 687 2174 easque
705 2134 865 2163 afflictiones
877 2156 885 2170 ,
902 2144 967 2171 quas

252 2197 304 2214 non
316 2186 373 2224 jam
386 2184 431 2212 alii
443 2207 450 2219 ‚
471 2183 519 2211 sed
536 2183 646 2222 ipsamet
659 2181 708 2209 tibi
720 2179 894 2217 accersivisti,
910 2190 967 2208 ora—

251 2231 324 2260 tione
336 2229 543 2268 complectatur,
558 2226 629 2265 quod
641 2236 738 2254 saxum
749 2248 756 2262 ,
771 2224 845 2263 quod
856 2225 967 2261 ferrum,

252 2287 333 2315 quem
344 2275 512 2304 adamantem
521 2284 573 2301 nou
585 2273 697 2311 reperiet
706 2272 753 2300 abs
766 2279 789 2300 te
799 2271 968 2310 superatum?

253 2323 322 2352 Nam
336 2332 396 2350 cum
408 2329 514 2348 carnem
526 2328 609 2355 usque
620 2318 685 2345 adeo
699 2324 815 2345 teneram
826 2327 856 2344 ac
870 2316 968 2345 delica-

254 2375 318 2403 tam,
330 2374 410 2405 atque
420 2365 492 2394 omni
506 2364 588 2392 luxus
603 2363 690 2401 generi
705 2369 837 2390 assuetam
849 2362 966 2401 accepis-

1011 337 1058 365 οὐκ
1070 336 1222 370 ἐκέκτηντο·
1233 336 1278 364 καὶ
1294 337 1345 375 γὰρ
1356 332 1424 375 εἶχον
1437 336 1533 371 ἔλαιον,
1546 336 1602 364 ἀλλ’
1615 336 1660 364 οὐκ
1673 336 1776 375 ἀρκοῦν.

1011 387 1080 420 Τοὺς
1092 387 1119 416 δὲ
1133 388 1215 427 χωρὶς
1230 388 1369 426 παρθενίας
1388 387 1562 423 εἰσελθόντας,
1576 386 1666 422 ἐπειδὴ
1678 386 1776 421 ταύτην

1012 437 1078 477 ἦσαν
1098 440 1334 480 περιέεὸλημένοι,
1361 440 1428 478 μετὰ
1450 441 1549 475 πολλῆς
1569 439 1710 472 ὑπεδέξατο
1732 441 1778 473 τῆς

1012 495 1107 530 τιμῆς,
1131 491 1318 530 εὐλογημένους
1337 504 1366 520 τε
1388 495 1433 520 τοῦ
1447 492 1552 531 Πατρὸς
1571 490 1718 529 ὀνομάζων,
1733 489 1778 518 καὶ

1011 544 1076 583 πρὸς
1091 544 1180 573 ἑαυτὸν
1198 545 1296 577 καλῶν,
1316 543 1361 572 καὶ
1376 545 1424 577 τ’ἧς
1441 542 1575 581 βασιλείας
1589 542 1635 577 τὴν
1650 542 1778 580 κληρονο-

1015 596 1076 634 μίαν
1100 597 1186 627 αὐτοῖς
1199 594 1384 634 χαριζόμενος,
1397 593 1441 622 καὶ
1460 595 1486 622 ἐν
1501 593 1568 632 μέσῃ
1591 591 1777 631 ἀνακηρύττων

1013 650 1045 686 τῇ
1060 646 1199 685 οἰκουμένῃ
1210 657 1215 663 ·
1231 646 1276 674 καὶ
1293 646 1320 672 οὐ
1335 644 1508 683 παρῃτήσατο
1518 667 1524 679 ,
1538 644 1583 672 καὶ
1603 643 1719 682 ἀγγέλων
1733 643 1778 671 καὶ

1013 702 1060 733 τ’ἧς
1073 699 1183 730 κτίσεως
1196 697 1282 732 πάσης
1304 696 1438 736 παρούσης
1447 719 1453 731 ,
1467 695 1577 735 τροφέας
1597 707 1626 723 τε
1647 696 1723 723 αὐτοῦ
1734 694 1780 722 καὶ

1015 750 1162 789 ξενοδόχους
1193 748 1284 781 αὐτοὺς
1317 752 1478 787 προσειπεῖν.
1503 747 1610 782 Ταύτης
1637 745 1682 774 καὶ
1715 744 1778 780 αὐτὴ

1015 803 1113 840 ἀκούσῃ
1132 801 1189 830 τότε
1201 803 1247 835 τῆς
1268 800 1400 839 μακαρίας
1417 801 1518 839 φωνῆς,
1532 799 1628 833 ταύτης
1643 796 1779 834 ἀπολαύσῃ

1014 855 1059 887 τῆς
1085 851 1197 890 ἀμοινῗῆς
1223 851 1290 888 μετὰ
1315 851 1414 884 πολλῆς
1439 852 1486 884 τῆς
1509 849 1668 888 περιουσίας.
1692 849 1724 876 Ei
1753 847 1780 876 δὲ

1014 903 1078 942 ὑπὲρ
1093 902 1266 941 ἐλεημοσύνης
1281 902 1357 939 μόνον
1378 905 1501 930 τοσαῦται
1522 903 1548 930 αἱ
1563 900 1720 934 ἀντιδόσεις,
1733 911 1779 928 το-

1015 957 1100 982 σοῧῐοι
1120 955 1143 981 οἱ
1161 952 1299 991 στέφανοι,
1321 951 1435 987 τοσαύτη
1450 955 1467 986 ἡ
1483 951 1651 990 λαμπρότης,
1666 950 1780 984 τοσαύτη

1014 1008 1030 1040 ἦ
1044 1005 1198 1043 περιφάνεια
1215 1004 1259 1032 καὶ
1273 1006 1289 1038 ἢ
1309 1003 1386 1037 δόξα,
1400 1005 1422 1032 εἰ
1436 1004 1481 1032 καὶ
1495 1003 1528 1032 τὰ
1542 1003 1608 1032 ἄλλα
1628 1004 1674 1037 τῆς
1687 1004 1781 1042 ἀρετῆς

1015 1057 1151 1095 ε’πέλθοιμί
1176 1068 1215 1086 σοι
1235 1056 1318 1095 μέρη,
1342 1056 1418 1087 ποίαν
1444 1056 1474 1083 ἂν
1499 1055 1590 1094 <rs-orne
1614 1055 1781 1094 συγγνώμην,

1014 1109 1152 1148 ὀφείλουσα
1175 1109 1289 1137 ἐντεῦθεν
1307 1107 1357 1142 ἤδη
1381 1107 1472 1146 ἑορτὴν
1494 1106 1575 1144 ἄγειν,
1599 1106 1644 1134 καί
1663 1111 1782 1146 σκιρτᾷν,

1015 1161 1059 1189 καὶ
1074 1160 1201 1200 χορεύειν,
1224 1160 1268 1188 καὶ
1289 1161 1494 1198 στεφανοῦσθαι,
1511 1157 1600 1192 ἐπειδὴ
1624 1157 1651 1186 δὲ
1674 1160 1688 1186 ὃ
1711 1158 1781 1186 δεῖνα

1015 1213 1114 1251 ἐμάνη,
1139 1212 1184 1240 καὶ
1203 1213 1216 1239 ὁ
1239 1212 1309 1240 δεῖνα
1326 1210 1394 1239 κατὰ
1419 1212 1542 1249 κρημνῶν
1567 1205 1644 1244 ἦλθε,
1665 1207 1782 1237 κατακό-

1013 1276 1115 1294 πτουσα
1130 1263 1235 1299 ἑαυτὴν,
1249 1263 1294 1291 καὶ
1316 1263 1420 1291 εὔκολον
1438 1261 1505 1290 κατὰ
1520 1263 1567 1295 τῆς
1581 1260 1657 1299 ἁγίας
1676 1272 1721 1289 σου
1735 1261 1782 1299 ψυ-

1015 1319 1065 1356 χῆς
1079 1318 1116 1355 τῷ
1129 1315 1242 1354 διαίῖόλῳ
1257 1318 1367 1343 ποιοῦσα
1380 1313 1445 1348 ἰ“τὴν
1459 1314 1559 1352 ἔφοδον,
1581 1312 1607 1340 ὃν
1631 1312 1709 1350 μέχρι
1732 1311 1781 1346 σή-

1018 1380 1094 1408 μερον
1108 1365 1297 1399 καταξαίνουσα
1310 1367 1354 1393 οὐκ
1365 1364 1471 1393 ἐπαύσω
1483 1377 1490 1399 ;
1508 1363 1543 1392 Τί
1555 1363 1606 1402 γὰρ
1622 1363 1651 1391 ἄν
1663 1375 1702 1395 τις
1713 1363 1783 1391 εἴποι

1014 1419 1062 1454 τὴν
1086 1418 1218 1456 ὑπομονὴν
1234 1417 1280 1452 τὴν
1300 1416 1419 1451 ποικίλην
1441 1416 1485 1444 καὶ
1498 1415 1623 1449 πολυειδῆ
1643 1414 1688 1442 καὶ
1702 1414 1782 1443 πολύ-

1015 1482 1120 1509 τροπον,
1146 1469 1191 1498 καὶ
1210 1469 1288 1501 πόσος
1313 1471 1376 1506 ἡμῖν
1405 1469 1440 1500 εἷς
1467 1470 1542 1496 τοῦτο
1563 1467 1668 1506 ἀρκέσει
1692 1467 1782 1505 λόγος,

1016 1521 1095 1550 πόσον
1111 1520 1137 1549 δὲ
1153 1519 1267 1559 ἱστορίας
1283 1519 1386 1558 μέτρον,
1403 1518 1427 1546 εἴ
1444 1530 1483 1550 τις
1495 1518 1528 1546 τὰ
1542 1520 1571 1547 ἐκ
1585 1517 1691 1556 πρώτης
1702 1517 1783 1552 Ι’ἣλι-

1016 1573 1074 1605 κίας
1091 1573 1169 1611 μέχρι
1194 1575 1238 1600 τοῦ
1262 1573 1306 1598 νῦν
1327 1569 1474 1607 παθήματά
1498 1581 1543 1598 σου
1568 1568 1708 1606 καταλέγοι
1718 1590 1725 1603 ,
1749 1567 1783 1596 τὰ

1018 1624 1090 1664 παρὰ
1102 1626 1153 1652 τῶν
1169 1622 1280 1658 οἰκείων,
1293 1622 1327 1650 τὰ
1340 1622 1414 1661 παρὰ
1430 1623 1480 1649 τῶν
1497 1619 1650 1660 ἀλλοτρίων,
1662 1619 1695 1648 τὰ
1712 1618 1785 1658 παρὰ

1019 1678 1070 1704 τῶν
1087 1675 1179 1714 φίλων,
1192 1674 1225 1702 τὰ
1239 1673 1311 1712 παρὰ
1325 1674 1376 1700 τῶν
1395 1674 1505 1711 ἐχθρῶν,
1519 1671 1551 1699 τὰ
1566 1670 1639 1711 παρὰ
1650 1673 1702 1699 τῶν
1717 1670 1787 1708 γένει

1020 1726 1216 1766 προσηκόντων,
1237 1725 1270 1753 τὰ
1293 1724 1366 1763 παρὰ
1388 1726 1440 1752 τῶν
1470 1723 1620 1760 μηδαμόθεν
1639 1720 1786 1761 προσηκόν-

1020 1790 1082 1813 των,
1097 1778 1129 1806 τὰ
1149 1777 1222 1816 παρὰ
1236 1780 1287 1806 τῶν
1304 1779 1329 1805 ἐν
1351 1774 1528 1809 δυναστείαις,
1544 1774 1577 1802 τὰ
1597 1774 1669 1812 παρὰ
1682 1775 1733 1802 τῶν
1746 1774 1787 1802 εὖ·

1021 1831 1111 1865 τελῶν,
1122 1829 1155 1858 τὰ
1165 1829 1238 1868 παρὰ
1253 1831 1303 1857 τῶν
1317 1827 1462 1866 ἀρχόντων,
1474 1826 1507 1855 τὰ
1521 1825 1593 1866 παρὰ
1604 1828 1655 1854 τῶν
1667 1825 1786 1860 ἰδιωτῶν,

1021 1882 1054 1910 τὰ
1070 1882 1143 1921 παρὰ
1154 1884 1206 1910 τῶν
1222 1882 1257 1913 εἰς
1270 1881 1313 1909 τὸν
1332 1881 1427 1918 κλῆρον
1441 1877 1599 1913 τελούντων,
1613 1876 1721 1906 Τούτων
1735 1876 1787 1915 γὰρ

1021 1933 1139 1968 ἕκαστον,
1160 1932 1234 1964 εἴτις
1250 1930 1337 1963 διεξίοι
1353 1929 1416 1958 αὐτὸ
1438 1930 1495 1958 καθ’
1516 1928 1592 1957 ἑαυτὸ
1614 1927 1700 1965 μόνον,
1715 1929 1785 1956 ἱστο-

1023 1984 1079 2023 ρίαν
1092 1984 1231 2020 ὁλόκληρον
1243 1983 1330 2011 ἱκανὸν
1342 1984 1452 2016 ποιῆσαι
1466 1981 1495 2009 τὸ
1509 1980 1637 2019 διήγημα.
1655 1980 1688 2007 Εἰ
1706 1977 1734 2007 δέ
1747 1990 1787 2011 τις

1021 2036 1065 2064 καὶ
1076 2036 1140 2075 πρὸς
1152 2035 1185 2063 τὰ
1196 2035 1271 2073 ἕτερα
1283 2034 1338 2068 εἴδη
1350 2036 1396 2068 τῆς
1410 2034 1504 2072 ἀρετῆς
1515 2031 1611 2066 ταύτης
1623 2029 1768 2069 μετασταίη
1779 2052 1786 2066 ,

1021 2087 1065 2115 καὶ
1081 2086 1175 2125 μηκέτι
1188 2086 1221 2114 τὰ
1233 2087 1295 2124 παρ’
1309 2084 1413 2124 ἑτέρων,
1426 2083 1493 2113 ἀλλὰ
1510 2082 1543 2112 τὰ
1556 2081 1630 2120 παρὰ
1644 2084 1689 2110 σοῦ
1704 2093 1787 2124 κριτα-

1020 2138 1195 2167 σκευασθέντα
1217 2137 1370 2175 διηγήσαιτο
1390 2135 1476 2171 ποίθη,
1500 2133 1558 2163 τίνα
1574 2133 1654 2169 λίθον,
1671 2132 1730 2162 τίνα
1743 2132 1787 2160 σί-

1020 2192 1107 2231 δηρον,
1121 2195 1193 2219 ποῖον
1215 2189 1353 2226 ἀδάμαντα
1371 2188 1420 2226 οὐχ
1441 2186 1543 2225 εὑρήσει
1557 2184 1698 2219 νικηθέντα
1714 2183 1789 2223 παρὰ

1021 2245 1083 2278 σοῧ,
1097 2241 1211 2276 Ἁπαλὴν
1227 2241 1277 2280 γὰρ
1298 2239 1367 2268 οὕτω
1386 2238 1472 2277 σάρκα
1490 2237 1609 2266 λαὸοῧσα
1627 2235 1672 2264 καὶ
1688 2246 1787 2275 τρυφε-

1022 2295 1078 2335 ρὰν,
1094 2294 1173 2322 παντὶ
1195 2293 1256 2322 εἴδει
1271 2294 1367 2331 τρυφῆς
1386 2292 1587 2328 συντραφεῖσαν,
1601 2286 1683 2320 οὕτως
1706 2285 1787 2320 αὐτὴν

1021 2347 1148 2378 ποικίλοις
1174 2344 1363 2383 ἐπολιόρκησας
1389 2341 1509 2377 πάθεσιν,
1523 2342 1558 2373 ὡς
1581 2338 1661 2377 μηδὲν
1682 2339 1788 2377 ἄμεινον

255 2425 295 2443 ses
305 2437 312 2450 ,
327 2424 385 2442 cam
400 2411 482 2441 variis
496 2409 688 2438 afflictionibus
703 2408 740 2436 ita
752 2408 923 2446 omnig-uasti,
940 2415 967 2436 ut
986 2415 1005 2436 Α
1021 2403 1068 2435 τῆς
1084 2396 1256 2437 νεκρωθείσης
1275 2396 1420 2424 διακεῖσθαι
1430 2405 1436 2410 “
1455 2392 1501 2420 καὶ
1515 2394 1634 2421 τοσοῦτον
1648 2391 1750 2429 ἅνῆψας
1763 2391 1789 2418 ἐν

254 2470 324 2489 nunc
340 2459 424 2488 nihilo
438 2457 548 2486 meliore
561 2461 630 2483 statu
645 2453 695 2490 sit,
719 2463 800 2491 quam
819 2453 840 2481 si
858 2463 967 2492 prorsus

287 2547 297 2557 ‘¹
316 2537 419 2563 COISlitl.
433 2543 457 2561 et
474 2537 536 2568 R?g.
550 2539 590 2564 τὴν
612 2536 699 2559 εὶὲοῇον.
711 2533 789 2565 [L030
811 2536 835 2559 ἢν
851 2533 906 2561 (τὴν
924 2531 1009 2564 <pali-2)

258 2580 347 2613 3127an

1023 2452 1119 2489 σεαυτῇ
1142 2447 1296 2486 νοσημάτων
1321 2446 1410 2484 ἐσμὸν,
1434 2447 1468 2477 ὡς
1487 2443 1531 2472 καὶ
1558 2444 1653 2481 ἰατρῶν
1679 2441 1785 2480 τέχνην,

1070 2531 1081 2547 b
1099 2529 1160 2552 Tres
1172 2527 1229 2552 MSS.
1241 2528 1325 2554 ἡλικίας
1338 2528 1377 2552 ἕως
1390 2528 1435 2548 νῦν.
