1843 2810
191 173 260 218 468

193 247 287 276 Dicam
302 247 350 276 tibi
364 245 497 285 quomodo
511 247 652 275 aemulatur
664 246 677 274 9
693 245 770 275 Vidit
783 252 878 273 terram
893 255 906 271 11

191 293 358 322 damonibus
368 298 528 331 corruptam,
537 299 563 320 et
574 292 677 320 Filium
691 301 770 319 suum
783 288 904 318 tradidit.

41 340 90 360 ΜΓ
85 344 139 361 ⁰¹¹¹⁵
159 347 182 359 ¹¹¹
193 339 283 368 Verba
298 339 398 378 quippe
412 337 445 366 de
460 339 517 367 Deo
531 337 601 367 dicta
620 347 672 366 non
688 335 779 365 eadem
803 341 864 363 sunt
879 334 907 363 vi

41 371 115 422 3:120-
126 378 183 399 ‘¹¹¹⁰'
192 385 324 424 praedita:
340 385 456 424 exempli
477 394 566 419 causa,
589 383 731 412 aemulatur
752 383 834 415 Deus,
852 382 907 409 ira-

192 431 285 467 scitur,
296 430 451 470 poenitentia
463 436 595 464 movetur,
609 428 676 457 odit.
686 428 778 457 Verba
789 433 849 455 sunt
859 426 907 454 hu-

191 487 279 511 mana,
303 475 351 504 scd
373 486 480 504 sensum
504 475 603 503 habent
630 476 686 503 Deo
705 480 905 512 congruentem.

191 520 335 557 Quomodo
348 521 489 549 :emulatur
505 520 596 548 Dens?
611 519 751 547 AEmulor
761 519 838 546 enim
852 527 907 546 vos

41 571 108 593 Psal-
121 569 143 593 6.
161 576 180 591 ¹-
194 567 252 595 Dei
261 566 457 595 aemulatione.
473 566 600 595 Irascitur
615 563 855 597 DettsPDornine‚
872 573 908 590 ne

193 624 224 641 ιη
225 613 332 652 surme
353 619 400 641 tuo
421 622 527 651 arguas
541 623 594 640 me.
611 613 704 649 Itaque
715 610 794 638 etiam
808 609 908 638 dormit

42 655 108 707 Fial.
126 655 166 682 43.
193 659 287 687 Deus?
308 659 452 697 Exsurge,
469 667 559 696 quare
580 656 735 690 obdormis,
755 656 908 684 Domine?

42 693 101 741 ἵξῃ,
111 716 134 738 6
144 725 165 746 7
193 704 348 733 Poenitentia
363 711 485 733 movetur
501 703 738 737 Deus?Poen1tet,
754 701 852 739 inquit,
864 712 908 730 me

42 748 99 788 [ταί.
137 755 156 769 1-
184 751 294 791 secisse
316 751 472 778 hominem.
487 749 558 778 Odio
575 748 655 777 habet
669 747 764 776 Deus?
777 747 909 776 Solenm‘-

45 785 78 807 ¹⁴¹
193 803 267 826 tates
281 803 395 825 vestras
407 802 435 824 et
452 797 617 824 neomenias
632 795 693 822 odit
716 795 817 822 anima
834 804 906 822 mea.

196 844 296 872 Verum
311 852 343 870 ne
358 841 504 871 verborum
518 840 648 869 vilitatem
661 846 772 879 specte5‚
789 839 835 868 sed
849 849 908 868 sen-

192 888 298 922 tentias,
325 894 353 916 ut
378 888 466 916 Deum
493 886 579 922 decet,
602 885 731 924 intellige.
755 885 911 914 AEmulatm·

193 935 277 968 Deus,
293 933 394 972 quippe
407 933 455 970 qui
474 931 582 970 diligat.
596 931 726 960 Irascitur
750 932 834 966 Deus,
856 940 908 958 nou

194 978 276 1007 animi
301 985 389 1015 motu,
403 977 451 1006 sed
469 977 570 1006 ultione
583 984 608 1005 et
623 976 766 1016 supplicio.
781 980 909 1004 Somnum

194 1024 265 1062 capit
278 1025 363 1058 Deus,
381 1033 433 1051 non
447 1022 591 1057 dormiens,
607 1022 654 1051 sed
667 1021 770 1050 diutius
784 1021 909 1050 tolerans.

199 1069 334 1098 Dic-tiones
348 1080 411 1098 cum
425 1068 530 1097 delectu
545 1068 644 1107 accipe.
661 1068 705 1097 Sic
719 1078 781 1096 cum
795 1066 912 1095 audieris

197 1118 283 1144 Deum
294 1115 414 1153 gignere,
427 1124 459 1142 ne
473 1114 599 1142 sectiones
613 1114 723 1152 cogites,
739 1112 786 1141 sed
798 1112 911 1141 consub-

196 1160 405 1190 stantialitatem.
417 1160 509 1190 Verba
520 1160 591 1188 enim
606 1160 690 1188 multa
704 1159 802 1188 similia
811 1169 825 1186 a
836 1157 913 1186 nobis

196 1213 333 1236 mutuatus
347 1213 385 1235 est
400 1207 484 1242 Deus,
511 1212 541 1234 ut
561 1213 586 1234 et
606 1215 653 1235 nos
677 1206 711 1234 ab
734 1205 782 1234 illo
796 1204 913 1233 mutuati

197 1262 301 1286 sumus,
316 1258 346 1280 ut
360 1251 388 1280 id
403 1251 480 1280 nobis
493 1252 526 1280 sit
546 1251 652 1280 honori.

237 1298 265 1325 8.
283 1297 441 1326 Intellexisti
456 1296 522 1335 quid
536 1296 674 1326 dixerim?
684 1297 797 1326 Attende
807 1296 913 1331 sedulo,
940 1301 949 1307 ’

197 1343 304 1372 dilecte.
320 1342 421 1371 Divina
435 1349 498 1371 sunt
519 1343 638 1374 nomina,
661 1350 686 1372 et
708 1343 824 1371 humana
852 1349 915 1372 sunt

198 1389 316 1418 nomina.
333 1390 356 1416 A
371 1399 413 1417 me
434 1388 545 1427 accepit,
561 1395 586 1417 et
607 1388 675 1416 mihi
695 1388 770 1417 dedit
789 1389 854 1428 ipse.
875 1390 914 1417 Da

198 1434 265 1463 mihi
276 1441 332 1471 tua,
341 1433 438 1472 inquit,
449 1440 474 1462 et
481 1433 571 1472 accipe
582 1444 649 1462 mea.
661 1435 785 1462 Meorum
793 1444 861 1473 opus
870 1434 914 1462 lta-

198 1479 245 1508 bes
257 1479 404 1508 verborum
415 1488 482 1506 :non
493 1488 560 1517 opus
573 1478 658 1507 habeo
669 1489 729 1518 ego,
742 1478 788 1507 sed
798 1485 827 1507 tu
837 1491 843 1507 :
852 1481 914 1517 quin

198 1525 269 1553 enim
294 1524 442 1553 substantia
465 1534 523 1552 mea
544 1523 698 1564 incorrupta
718 1531 767 1560 est,
781 1531 811 1553 tu
825 1531 914 1553 autem

199 1571 279 1599 homo
294 1580 332 1605 es,
348 1569 454 1608 corpori
473 1579 621 1604 connexu5‚
638 1580 778 1609 corporeas
793 1580 914 1608 quaerens

199 1615 340 1651 dictiones,
357 1621 386 1643 ut
399 1622 439 1651 tu,
453 1614 559 1653 corpori
581 1624 726 1651 connexus,
746 1626 761 1643 a
782 1617 851 1644 notis
865 1616 914 1644 tibi

199 1661 288 1690 verbis
313 1661 454 1690 sententias
478 1671 537 1698 quae
561 1667 586 1688 te
612 1668 738 1700 superant
768 1661 913 1700 intelligas.

199 1709 328 1757 Quaenam
349 1706 450 1744 accepit
461 1716 476 1733 a
491 1716 542 1741 me,
559 1716 680 1743 quaenam
695 1705 770 1735 dedit
783 1707 850 1736 mihi
865 1717 915 1735 no—

201 1752 289 1780 mina.
283 1752 295 1769 ⁰
310 1753 370 1791 Ipse
385 1753 457 1780 Deus
479 1758 528 1786 est,
544 1758 569 1780 ct
585 1751 665 1780 deum
679 1762 721 1780 me
732 1752 860 1781 vocavit:
877 1753 914 1780 ibi

50 1810 117 1831 1s=.«1
124 1807 162 1830 81
166 1808 189 1830 6
201 1805 296 1827 natuia
310 1798 358 1831 ici,
374 1797 419 1826 hic
439 1797 524 1825 honor
542 1798 667 1826 nominis.
684 1799 748 1837 Ego
765 1799 846 1827 dixi.-
866 1799 918 1827 Dii

512 184 527 207 S
534 200 541 206 .
568 183 709 207 JOANNIS
737 182 920 206 CHRYSOST.

952 182 1107 204 ARClllEP.
1136 181 1408 205 CONSTANTINOP.

963 239 1026 276 οἷον,
1040 243 1143 279 ζηλεύει
1156 244 1224 276 Θεὸς
1234 266 1241 278 ,
1256 244 1387 283 ὀργίζεται
1405 243 1454 273 Θε
1435 255 1473 276 «ος
1483 265 1490 277 ,
1505 248 1625 281 μετανοεῖ
1648 246 1730 278 Θεὸς

964 294 1035 327 μισεῖ
1049 291 1088 318 Θε
1079 290 1125 322 -ός,
1142 289 1185 318 Τὰ
1207 290 1313 328 ῥήματα
1335 302 1419 318 ταυτα
1433 290 1601 328 ἀνθρώπινα,
1617 291 1684 319 ἀλ)ὰ
1698 291 1731 319 τὰ

964 336 1082 373 νοήματα
1099 339 1125 364 θε
1115 337 1240 374 ,οπρεπῆ
1261 337 1325 368 Πῶς
1349 336 1453 371 ζηλευει
1473 336 1557 369 Θεός·
1552 359 1559 371 ,
1578 337 1658 371 Ζηλῶ
1680 337 1732 375 γὰρ

963 383 1031 420 ὑμᾶς
1057 384 1126 410 Θεοῦ
1146 382 1225 421 ζήλιι.)
1245 381 1396 421 Οργίζεται
1420 382 1506 418 Θεόςς
1522 382 1620 421 Κύριε,
1642 383 1679 420 μὴ
1694 395 1731 421 τῳ

963 430 1037 467 θυμῶ
1050 439 1096 457 σου
1111 427 1216 466 ἐλέγξῃς
1231 439 1271 465 με.
1281 427 1362 456 “ssat-5
1376 440 1420 456 και
1431 428 1525 456 καθεύο
1516 428 1642 460 ειΘεός·
1619 450 1643 463 ,
1655 428 1732 457 Ἀνά-

963 458 1099 508 στηθι,“ἴνα
1113 473 1139 501 τί
1153 475 1256 509 ὑπνοῖς,
1276 474 1375 512 Κύριε,
1395 475 1525 502 Μετανοεῖ
1544 473 1630 508 Θεός;
1643 475 1732 502 Μετε-

963 519 1054 553 νόησα,
1068 519 1108 547 ὅτι
1120 518 1231 553 ἐποίησα
1242 518 1286 546 τὸν
1301 519 1445 557 ἄνθρωπον.
1457 520 1537 547 Μισεῐ
1551 521 1565 547 ὅ
1576 518 1660 553 Θεός;
1677 519 1733 551 Τὰς

964 565 1054 604 ἑορτὰς
1079 566 1152 603 ὑμῶν
1177 564 1283 597 καὶτὰς
1305 564 1442 602 νεομηνίας
1464 569 1534 602 μισεῖ
1553 567 1569 599 ἡ
1584 565 1656 604 ψυχή
1673 577 1731 603 μου.

965 611 1043 640 Ἀλλὰ
1067 611 1104 648 μὴ
1125 610 1240 649 πρόσεχε
1263 611 1296 648 τῇ
1320 610 1436 639 εὖτελεία
1462 612 1514 639 τῶν
1537 610 1649 643 λέξεων·
1664 611 1732 639 ἀλλὰ

964 656 1029 684 λάὸε
1045 658 1176 694 θεοπρεπῆ
1197 656 1230 684 τὰ
1243 656 1373 694 νοήματα.
1393 656 1504 690 Ζηλεύει
1519 658 1532 685 ὁ
1545 657 1594 685 Θε
1575 668 1627 692 5ος,
1643 657 1732 695 ἀγα-κα

964 702 1026 740 γάρ.
1039 701 1190 741 Οργίζεται
1204 705 1218 730 ὁ
1233 703 1314 737 Θεὸς,
1330 704 1359 731 οὐ
1372 693 1465 737 πάθει,
1482 702 1550 730 ἀλλὰ
1564 702 1678 741 τιμωρίᾳ
1689 703 1733 730 καὶ

965 748 1080 776 κολάσει.
1082 747 1115 776 Ὗ
1116 752 1175 776 πνοῑ
1186 747 1234 776 Θε
1214 759 1262 784 εος,
1272 749 1300 776 οὗ
1313 748 1455 784 καθεύδων,
1468 747 1536 776 ἀλλὰ
1548 749 1733 804 μακροθυμων.

965 794 1078 832 ’Ἑκλεγε
1104 794 1151 826 τὰς
1174 793 1230 826 λέξε
1234 806 1265 826 ις.
1290 793 1370 822 Ουτω
1390 805 1434 822 και
1460 794 1521 822 ὅταν
1541 793 1671 832 ἀκούσῃς,
1694 793 1733 821 ὅτι

964 845 1043 879 γεννᾷ
1061 840 1144 875 Θεὸς,
1164 839 1200 878 μὴ
1219 851 1314 877 τμησιν
1335 840 1436 877 νόμιζε,
1453 839 1520 867 ἀλλὰ
1539 839 1569 867 τὸ
1587 839 1732 877 ὁμοούσιον.

965 885 1008 914 Τὰ
1020 887 1070 924 γὰρ
1086 886 1191 925 ῥήματα
1205 889 1288 914 ταῦτα
1304 885 1389 914 πολλὰ
1403 887 1465 924 παρ’
1486 887 1561 922 ἡμῶν
1576 885 1709 923 ἐχρήσατο
1720 887 1739 913 ὃ,

965 931 1046 967 Θεὸς,
1060 932 1104 960 καὶ
1118 934 1194 969 ἡμεῖς
1206 934 1268 969 παρ’
1285 933 1372 967 αὐτοῦ,
1388 931 1431 959 ἵνα
1444 932 1606 968 τιμηθῶμεν.

1009 1291 1129 1325 Συνηκας
1142 1290 1168 1318 τί
1182 1285 1272 1325 εἶπονς
1287 1290 1375 1329 Πρόσε
1365 1301 1409 1328 ,χε
1425 1289 1491 1327 μετὰ
1507 1290 1688 1329 ἀκριβείας,
1675 1302 1738 1328 αγετ

968 1348 1036 1371 πητε
1040 1336 1196 1374 ΫΟνόματά
1217 1337 1273 1365 ἐστι
1286 1339 1323 1364 (ιε’
1303 1348 1356 1368 5ια,
1378 1336 1423 1364 καὶ
1442 1336 1557 1373 ὀνόματα
1578 1336 1736 1374 ἀνθρώπινα.

968 1382 1069 1412 Eia&
1084 1383 1146 1420 παρ’
1163 1383 1235 1419 εμοῧ,
1252 1381 1296 1410 καὶ
1319 1381 1400 1409 ἔδωκέ
1421 1393 1464 1419 μοι
1479 1381 1563 1413 αὐτός.
1580 1382 1630 1413 Δός
1647 1393 1691 1418 μοι
1705 1382 1737 1408 τὰ

968 1426 1011 1461 σὰ,
1025 1439 1069 1455 και
1081 1426 1146 1455 λάῧε
1161 1426 1194 1454 τὰ
1208 1425 1269 1464 ἐμὰ,
1285 1425 1365 1464 λέγει.
1380 1427 1441 1454 Των
1460 1427 1531 1463 ἐμῶν
1545 1426 1636 1464 χρείαν
1651 1426 1738 1464 ἕγεις

969 1473 1016 1500 οὐκ
1036 1471 1086 1510 ἐγω
1101 1471 1192 1510 γρείαν
1208 1471 1271 1510 ἔχω,
1289 1471 1356 1500 ἀλλὰ
1374 1482 1424 1499 συ
1444 1470 1533 1505 ἐπειδὴ
1554 1471 1604 1509 γὰρ
1625 1473 1641 1505 ἡ
1664 1470 1739 1499 οὐσια

970 1529 1018 1555 μου
1033 1517 1164 1556 ἀκήρατός
1176 1529 1247 1551 εστι,
1266 1528 1297 1545 συ
1312 1515 1339 1544 δὲ
1355 1516 1489 1555 ἄνθρωπος
1503 1519 1539 1550 εἰ,
1556 1516 1659 1554 σώματι
1670 1527 1738 1553 συμ-

969 1576 1001 1591 πε
1004 1564 1052 1591 πλε
1042 1575 1105 1601 ..γμε
1095 1574 1157 1597 .νος,
1172 1562 1323 1600 σωματικὰς
1338 1564 1422 1596 ζητων
1437 1562 1481 1589 καὶ
1496 1561 1539 1590 λεΞ
1533 1573 1592 1597 εις,
1607 1561 1649 1589 ἵνα
1663 1573 1711 1596 συ,
1726 1564 1740 1590 ὁ

970 1609 1074 1646 σώματι
1094 1620 1124 1637 συ
1131 1608 1332 1646 μπεπλεγμένος
1343 1631 1350 1643 ,
1364 1606 1452 1636 λαίὼν
1476 1607 1528 1636 ἀπὸ
1541 1610 1592 1636 τῶν
1607 1607 1680 1646 παρὰ
1699 1608 1740 1636 σοὶ

970 1654 1107 1693 γνωρίμων
1124 1654 1257 1693 ῥημάτων,
1278 1654 1372 1691 νοήσῃς
1386 1653 1419 1681 τὰ
1433 1653 1623 1692 ὓπερῧαίνοντά
1636 1665 1664 1681 σε
1678 1653 1740 1687 νοή-

971 1712 1051 1738 ματα.
1070 1701 1140 1728 Ποῖα
1154 1699 1232 1728 {tace
1245 1701 1308 1738 παρ’
1325 1701 1398 1736 ἐμοῦ,
1413 1702 1475 1726 ποῖα
1493 1698 1520 1726 δὲ
1534 1698 1615 1727 ἔδωκε’
1627 1709 1671 1736 μοι
1685 1699 1741 1727 ὀνό-

972 1757 1055 1784 ματα,
1071 1746 1153 1778 Αὐτὸς
1167 1745 1234 1777 Θεός
1249 1746 1318 1779 ἐστι,
1338 1744 1382 1772 καὶ
1397 1743 1444 1781 ἐμὲ
1466 1743 1522 1772 θεὸν
1537 1744 1672 1771 ἐκάλεσεν·
1687 1745 1741 1772 ἐκεῖ

972 1791 1047 1830 φύσις
1073 1790 1228 1829 πράγματος
1238 1813 1245 1825 ,
1272 1791 1382 1818 ἐνταυθα
1409 1789 1473 1826 τιμὴ
1503 1789 1637 1827 ὀνόματος.

1669 1789 1741 1827 Εγιι)

202 1847 280 1879 estis,
294 1843 391 1883 elfilii
403 1843 524 1871 Etcelsi
549 1853 658 1871 omnes.
675 1844 725 1872 Hic
746 1844 827 1872 xeiba
841 1851 914 1880 sunt,
927 1866 962 1884 393
974 1841 1046 1866 εἶπα
1061 1836 1125 1865 Οεοί
1140 1837 1269 1870 -στε,και
1286 1835 1336 1863 υἱοὶ
1355 1835 1483 1874 Ὑψιστου
1497 1834 1603 1868 πάντες,
1618 1835 1741 1872 Ῥήματά

52 1899 192 1920 Vm-tiaCtri-
202 1890 259 1918 illic.
272 1899 362 1918 ictum
377 1895 480 1917 natura
495 1889 521 1918 V
523 1888 609 1917 ocavit
622 1899 664 1916 ine
677 1888 768 1925 deum,
782 1889 832 1918 hoc
846 1890 917 1918 enim
935 1896 954 1916 Α
973 1884 1043 1911 ἐστιν
1067 1883 1189 1916 ἐνταῦθα,
1211 1882 1264 1909 ἐκεῖ
1289 1880 1315 1909 δε
1338 1880 1500 1918 πραγμάτιον
1516 1891 1599 1918 φυσις.
1615 1879 1742 1908 ’·Ι.κάλεσε’

51 1935 78 1951 ⁵¹¹
95 1938 191 1951 ”⁰¹¹¹¹¹¹³
204 1947 245 1965 me
263 1935 364 1963 honore
378 1934 503 1973 dignatus
516 1941 576 1963 est:
591 1934 638 1963 ille
652 1941 761 1964 vocatus
773 1942 811 1964 est
825 1935 916 1971 homo,

204 1988 314 2011 vocatus
322 1988 360 2010 est
369 1981 441 2009 filius
448 1980 574 2017 hominis,
584 1987 693 2009 vocatus
701 1981 802 2015 estvia,
809 1982 917 2016 ostium,

203 2035 285 2067 petra.
302 2028 364 2056 Haec
377 2037 393 2054 a
410 2036 453 2054 me
467 2026 578 2065 accepit,
600 2026 647 2054 illa
660 2036 724 2054 vero
744 2026 796 2055 sihi
810 2027 918 2066 propria

205 2073 312 2102 uomina
327 2072 403 2101 dedit
417 2071 495 2100 mihi.
507 2073 562 2101 Cur
574 2078 683 2101 vocatus
697 2079 736 2100 est
748 2073 792 2100 via
801 2073 815 2100 Ξ)
826 2074 865 2102 Ut
877 2073 919 2102 di-

205 2130 316 2148 scasuos
327 2129 375 2158 per
383 2129 444 2146 cum
455 2117 489 2147 ad
502 2119 606 2147 Patrem
619 2118 768 2147 ascendere.
779 2120 920 2148 Curvoca·

206 2172 249 2193 tus
262 2171 300 2193 est
314 2164 408 2203 petra?
424 2165 463 2192 Ut
476 2163 577 2192 ediscas
596 2165 723 2192 sinceram
745 2165 826 2193 simul
840 2172 865 2194 et
877 2166 920 2194 in-

206 2220 361 2239 concussam
371 2209 459 2238 fidem.
471 2210 527 2238 Cur
538 2217 646 2238 vocatus
654 2217 692 2239 est
701 2210 923 2240 fundamentum?

207 2256 245 2284 Ut
259 2255 326 2284 scias
345 2265 407 2283 eum
423 2255 511 2282 omnia
533 2262 650 2293 portare.
671 2257 730 2284 Cur
751 2264 860 2285 vocatus
885 2264 924 2286 cst

208 2299 357 2328 1·adix?Ut
371 2298 458 2326 discas
474 2308 521 2326 nos
536 2298 562 2326 in
581 2298 638 2337 ipso
653 2298 758 2327 florere.
773 2300 828 2328 Cur
842 2310 923 2332 voca—

209 2352 253 2374 tus
266 2351 305 2373 est
321 2343 430 2383 pastor?
443 2343 514 2379 Quia
527 2353 575 2371 nos
588 2343 682 2382 pascit.
697 2344 752 2372 Cur
766 2352 874 2374 vocatus
886 2353 925 2374 est

209 2390 290 2420 ovis?
301 2389 372 2426 Quia
386 2400 435 2428 pro
449 2389 526 2417 nobis
538 2388 701 2423 immolatus,
715 2389 798 2418 sactus
809 2397 848 2418 est
862 2402 924 2430 pro-

209 2436 324 2477 pitiatio.
338 2437 394 2464 Cur
408 2435 484 2463 vita?
496 2434 566 2471 Quia
581 2444 629 2463 nos
643 2441 762 2463 mortuos
772 2437 922 2466 suscitavit.

210 2483 300 2517 Quare
317 2479 385 2507 lux?
405 2479 475 2515 Quia
490 2489 538 2507 nos
560 2489 574 2506 a
591 2478 704 2507 tenebris
718 2479 852 2507 liberavit.
869 2481 925 2509 Cur

210 2524 349 2554 brachium
362 2523 479 2552 dicitur?
494 2523 564 2559 Quia
579 2523 810 2551 consubstantialis
839 2525 920 2552 Patri.

210 2573 300 2605 Quare
313 2567 442 2598 verbum?
456 2567 525 2604 Quia
539 2578 553 2595 a
566 2569 642 2596 Patre
657 2567 768 2605 genitus.
784 2568 923 2604 Quemad-

974 1940 1007 1966 με
1031 1927 1096 1963 θεὸν,
1119 1927 1247 1965 ἐτιμήθην
1268 1926 1328 1965 γάρ.
1346 1925 1464 1960 Ἐκλήθη
1490 1925 1567 1958 αὐτὸς
1589 1926 1742 1964 ἄνθρωπος,

974 1974 1071 2009 ἐκλήθη
1092 1973 1168 2005 αὐτὸς
1193 1972 1246 2004 υἱὸς
1271 1971 1427 2011 ἀνθρώπουῇ
1442 1971 1540 2006 ἐκλήθη
1563 1971 1639 2004 αὐτὸς
1665 1971 1741 2007 ὁδὸς,

973 2020 1071 2054 ἐκλήθη
1097 2018 1173 2051 αὐτὸς
1201 2017 1281 2057 θύρα,
1309 2017 1406 2052 ἐκλήθη
1433 2017 1510 2049 αὐτὸς
1536 2016 1629 2056 πέτρα.
1650 2019 1743 2046 Ταῦτα

973 2066 1035 2104 παρ’
1059 2066 1122 2103 ἐμοῦ
1144 2064 1248 2098 ἔλαὸεν,
1273 2065 1360 2092 ἐκεῖνα
1380 2065 1442 2101 παρ’
1470 2064 1562 2091 ἑαυτοῦ
1583 2062 1616 2091 τὰ
1637 2062 1744 2102 ῥήματά

976 2122 1020 2149 μοι
1036 2112 1125 2139 ἔδωκε.
1139 2109 1190 2138 Διὰ
1211 2110 1236 2138 τί
1259 2108 1357 2144 ἐκλήθη
1372 2109 1443 2144 ὁδός,
1459 2108 1516 2137 Ἵνα
1539 2108 1639 2147 μάθῃς,
1657 2108 1696 2136 ὅτι
1709 2109 1742 2136 δι’

978 2158 1055 2185 αὐτοῦ
1070 2156 1134 2195 πρὸς
1151 2155 1195 2183 τὸν
1216 2154 1325 2193 Πατέρα
1350 2154 1521 2193 ἀνερχόμεθα.
1542 2153 1593 2182 Διὰ
1606 2154 1632 2182 τί
1645 2153 1743 2188 ἐκλήθη

977 2202 1076 2240 πέτρας
1095 2201 1153 2230 Ἵνα
1173 2201 1258 2238 μάθῃς
1275 2200 1305 2229 τὸ
1326 2199 1472 2234 ἐπιτήδειον
1485 2199 1530 2227 καὶ
1544 2199 1685 2228 ἀσάλευτον
1697 2201 1745 2233 τῆς

977 2248 1101 2280 πίστεως.
1124 2247 1176 2275 Διὰ
1190 2246 1215 2274 τί
1234 2245 1333 2280 ἐκλήθη
1347 2245 1481 2282 θεμέλιος;
1494 2244 1554 2272 Ἵνα
1576 2245 1661 2282 μάθῃς
1674 2267 1682 2279 ,
1704 2245 1745 2274 ὅτι

977 2293 1064 2322 πάντα
1077 2293 1210 2331 βαστάζει.
1225 2291 1276 2319 Διὰ
1290 2303 1315 2319 τι
1328 2291 1424 2325 ἐκλήθη
1442 2290 1512 2329 ῥιζα,
1524 2290 1583 2318 Ἵνα
1597 2290 1692 2329 μαθῃς,
1705 2290 1744 2320 ὅτι

978 2341 1004 2368 ἐν
1018 2341 1089 2368 αὖτιι)
1103 2341 1214 2375 οὶνθοῧμε
1217 2350 1238 2365 ν.
1252 2337 1302 2365 Διὰ
1314 2336 1339 2364 τί
1353 2336 1451 2370 ἐκλήθη
1463 2335 1563 2373 ποιμήν
1599 2336 1688 2364 “‘On
1675 2341 1746 2374 ημας

978 2398 1004 2414 νε
1008 2397 1059 2413 αει.
1083 2384 1134 2413 Διὰ
1156 2383 1182 2411 τί
1205 2382 1303 2416 ἐκλήθη
1328 2381 1477 2420 πρόὸατον;
1498 2381 1560 2409 <Ὀτι
1580 2381 1646 2420 ὓπερ
1668 2383 1745 2419 ἡμῶν

978 2430 1075 2466 ἐτύθη,
1097 2429 1142 2458 καὶ
1159 2428 1268 2466 ἱλασμὸς
1295 2427 1407 2465 ἐγένετο.
1434 2427 1486 2455 Διὰ
1506 2426 1532 2454 τί
1552 2427 1649 2462 ἐκλήθη
1671 2428 1744 2463 ζωή;

980 2476 1043 2505 ’Ότι
1067 2474 1172 2514 νεκροὺς
1196 2474 1271 2505 ὄντας
1296 2476 1366 2510 ἡμᾶς
1391 2472 1527 2506 ἀνέστησε.
1543 2473 1593 2500 Διὰ
1608 2473 1633 2500 τί
1645 2473 1744 2508 ἐκλήθη

981 2524 1051 2561 φῶς;
1066 2522 1131 2550 “Ort
1146 2521 1252 2552 σκότους
1273 2522 1343 2557 ἡμᾶς
1361 2518 1505 2553 ἀπήλλαξε.
1527 2518 1578 2546 Διὰ
1598 2519 1623 2547 τί
1647 2520 1742 2554 ἐκλήθη

1645 2565 1696 2593 Διὰ
1719 2565 1743 2592 τί

982 2568 1114 2607 βραχίων,
1140 2567 1203 2595 ³On
1226 2564 1360 2602 ὃμοούσιός
1386 2565 1442 2592 ἐστι
1462 2567 1499 2603 τῷ
1523 2565 1618 2603 Πατρί.
