1840 2839
590 190 669 211 rosi·
698 190 843 211 iu-:ni‘rru
875 190 915 210 An
944 189 1085 211 mmmm.
1535 179 1599 211 5(νῖ

628 391 904 450 ΜΟΝΙΤ
919 392 962 451 U
978 391 1034 451 M

759 543 789 564 {N
821 542 905 564 {ists

195 658 471 704 SEQUENTES
498 657 613 693 POST
641 655 857 691 REDITUM
888 655 948 689 AB
973 657 1159 691 EXSlLlO
1185 657 1463 694 ORATIONES.

105 788 248 825 Postquam
263 787 479 825 Clirysostomus‚
493 791 602 813 curante
616 783 768 822 'slieopliilo
781 783 973 819 Alexandrim),
985 784 1010 812 in
1024 785 1230 825 pseudosynodo
1244 790 1274 815 in
1289 797 1394 826 quercu
1405 787 1477 816 dicta
1487 788 1597 816 ‹lamna›

63 840 106 862 tus
117 833 306 872 depositusque
317 833 411 869 suerat,
425 831 603 860 tumultuante
614 830 725 869 populo,
740 836 764 857 et
779 829 877 858 abduci
891 830 1035 859 antistitem
1052 830 1239 870 (levioremque
1250 844 1327 861 suum
1343 844 1393 861 non
1404 833 1514 868 sinente,
1529 835 1596 863 clam

63 878 110 907 iilo
121 879 330 917 Chrysostoluus
343 888 369 906 se
382 877 407 905 in
420 877 556 913 exsilium,
569 883 626 915 post
649 874 768 903 triduum
785 885 865 912 quani
883 876 1025 905 damnatus
1046 878 1140 914 suerat,
1152 878 1340 907 adducendum
1358 879 1482 918 pra-buit,
1495 887 1519 908 et
1537 881 1598 909 Pre-

63 930 153 952 netum
171 923 197 952 in
214 923 369 962 Bithyniam
382 922 538 962 deportatus
555 929 603 950 est.
619 921 781 959 Exindeque
800 922 900 960 populo
915 922 1000 960 magis
1016 923 1152 961 magisque
1168 923 1192 952 in
1209 924 1275 952 iram
1288 925 1427 960 concitato,
1440 925 1600 953 vociferante

61 976 87 998 et
107 969 139 998 ad
152 969 339 1008 Imperatorias
357 968 425 997 aedes
444 967 561 1007 episcopi
582 967 623 996 sui
644 967 758 995 reditum
779 967 939 1006 postulante,
953 968 1111 1006 interimque
1125 976 1200 997 terra·
1221 977 1293 998 motu
1310 970 1438 1008 palatium
1454 971 1600 1009 urbemque

61 1015 237 1049 concutiente,
253 1014 379 1042 Eudoxia
398 1015 516 1051 Augusta
538 1013 677 1052 perterrita
700 1019 821 1041 sanetum
835 1013 923 1041 virum
940 1013 1120 1042 reducendum
1140 1015 1385 1053 restituendunnpie
1395 1016 1511 1051 euraxit;
1528 1017 1599 1053 quod

60 1072 113 1099 qua
135 1061 245 1095 ratione,
259 1067 411 1098 quantaque
432 1059 549 1088 civitatis
567 1059 658 1088 lanitia
679 1059 778 1086 factum
800 1058 889 1093 suerit,
907 1059 1030 1098 pluribus
1050 1060 1202 1089 narrabitur
1223 1061 1248 1089 iu
1275 1061 1336 1091 Vita
1357 1062 1551 1100 Cluysostonii.
1570 1064 1599 1090 ln

61 1106 198 1135 ecclesiam
221 1105 362 1142 deductus,
378 1105 614 1144 extemporalem,
628 1104 715 1142 iuquit
732 1104 902 1139 sozomenus,
918 1104 947 1141 8,
962 1106 1007 1140 18,
1022 1107 1123 1134 habuit
1149 1108 1309 1134 orationem
1324 1118 1331 1132 :
1346 1113 1496 1146 sumtoque
1510 1119 1599 1145 argu-

64 1158 161 1180 mento
175 1163 211 1180 ez·
223 1152 439 1191 elegantissima
451 1151 653 1185 similitudine,
667 1151 862 1179 subindicavit
882 1151 1071 1189 Theophilum
1083 1152 1223 1180 Ecclesioe
1236 1162 1294 1180 suce
1308 1155 1369 1180 vim
1384 1154 1492 1192 iissemw
1505 1160 1599 1182 tenta-

64 1199 146 1232 visse,
164 1198 284 1236 perinde
299 1203 386 1236 atque
401 1197 471 1225 olim
485 1206 580 1235 regem
595 1197 766 1235 JEgrptium
783 1198 867 1224 usuri
879 1198 1058 1234 patriarclue
1073 1197 1249 1225 Aln'alzami.
1266 1197 1314 1225 llis
1328 1205 1418 1236 aperte
1432 1198 1531 1226 indicat
1547 1200 1599 1227 So-

63 1254 186 1273 zomeuus
204 1243 347 1272 secundam
366 1250 424 1282 post
444 1242 558 1271 reditum
582 1242 737 1278 orationem,
750 1253 808 1280 quae
821 1241 855 1269 ab
868 1242 1022 1281 hujusmodi
1042 1242 1220 1271 similitudine
1239 1243 1357 1279 orditur3
1372 1255 1484 1282 qumque
1507 1245 1532 1272 iu
1548 1246 1601 1273 fine

65 1289 134 1319 vitae
151 1289 334 1328 Chrysostomi
355 1299 402 1327 per
418 1288 566 1326 Georgium
588 1287 801 1316 Alexandrinum
823 1287 994 1325 legitur.5c1l
1014 1288 1083 1316 illud
1105 1299 1166 1316 cum
1177 1289 1368 1328 Clirysostomo
1387 1300 1437 1318 non
1458 1301 1601 1318 consonare

61 1334 181 1371 videtur,
197 1334 241 1373 qui
256 1334 386 1373 postridie
405 1333 552 1363 adventum
565 1344 644 1361 suum
666 1333 734 1361 lianc
753 1333 898 1361 secundam
916 1334 1064 1362 orationem
1084 1334 1210 1362 habuisse
1229 1341 1353 1373 putatur;
1367 1342 1393 1362 nt
1409 1346 1442 1363 ex
1457 1335 1500 1363 his
1512 1336 1602 1364 verbis

61 1387 178 1420 arguunt
192 1391 198 1407 ε
212 1381 285 1408 Heri
303 1381 416 1418 vesperi
439 1380 500 1408 ltaec
521 1381 612 1407 verba
634 1379 675 1407 ad
696 1389 741 1407 me
762 1381 838 1407 misit
856 1379 1052 1418 [Eudo.2·ia];
1068 1389 1142 1417 ergo,
1157 1379 1291 1417 inquiunt,
1309 1380 1377 1408 lianc
1390 1381 1531 1409 secundam
1550 1382 1600 1409 ha—

61 1426 149 1455 buerit
168 1426 306 1465 postridie,
321 1426 437 1465 primam
452 1435 514 1454 vero
531 1425 589 1464 ipso
610 1424 740 1454 adventus
753 1425 804 1453 die.
819 1426 922 1455 Yerum
937 1425 1006 1462 cirea
1018 1425 1076 1453 haec
1095 1425 1279 1465 Cluysostomi
1296 1426 1376 1454 verba
1394 1437 1446 1455 non
1462 1427 1533 1455 leves
1553 1438 1602 1456 ex-

60 1479 175 1512 surgunt
194 1472 378 1509 difficultates,
388 1483 455 1510 quas
476 1472 503 1500 in
523 1472 580 1511 ejus
590 1472 656 1502 Vita
677 1472 802 1511 pluribus
820 1471 1013 1510 expendemus.
1027 1472 1064 1500 Ut
1081 1478 1109 1499 nt
1125 1478 1214 1499 autem
1237 1478 1286 1509 est,
1300 1472 1424 1501 existimo
1437 1480 1461 1501 et
1473 1483 1530 1511 ego,
1543 1473 1601 1512 pri-

61 1529 132 1546 mam
147 1528 202 1547 esse
214 1528 272 1546 eam
286 1517 490 1554 oratiunculam,
502 1528 561 1556 quae
577 1517 615 1546 sic
631 1517 724 1557 incipit
739 1530 745 1546 :
763 1518 840 1555 Quid
851 1518 947 1545 dicam
960 1523 1011 1545 aut
1026 1517 1097 1556 quid
1109 1517 1235 1556 loquar?
1250 1518 1426 1547 Benedictus
1442 1520 1531 1554 Deus,
1549 1526 1598 1547 ete.

60 1563 137 1592 Illam
149 1563 249 1603 quippe
266 1574 300 1592 ex
315 1570 441 1602 tempore,
455 1563 534 1601 inque
552 1564 610 1602 ipso
625 1562 742 1591 adventu
757 1563 858 1591 dietam
877 1562 958 1591 fuisse
970 1562 1063 1591 suadet
1085 1563 1193 1591 omnino
1213 1563 1255 1591 vel
1271 1563 1328 1602 ipse
1342 1563 1464 1592 ordiendi
1480 1564 1577 1593 modus
1595 1582 1601 1597 :

61 1620 145 1647 neque.
159 1616 222 1648 puto
239 1610 325 1638 ullum
339 1620 395 1638 esse
408 1609 454 1647 qui
466 1619 517 1637 non
532 1609 646 1637 fateatur
660 1620 718 1637 eam
732 1616 757 1638 et
772 1609 798 1637 in
815 1609 873 1648 ipso
887 1608 1005 1637 adventu
1017 1608 1138 1637 habitam
1149 1615 1174 1637 et
1186 1609 1395 1648 extemporalem
1411 1620 1477 1647 esse,
1489 1610 1601 1648 ideoque

59 1654 259 1691 brevissimam
274 1654 389 1683 secunda
400 1661 488 1683 autem
500 1654 605 1693 longior
615 1655 769 1692 insequente
780 1654 823 1683 die
836 1655 907 1684 dicta
921 1655 1001 1683 fuerit
1017 1667 1022 1682 :
1036 1655 1127 1694 lapsus
1139 1666 1202 1693 ergo
1215 1656 1377 1684 Sozomenus
1389 1663 1428 1684 est
1439 1657 1484 1694 qui
1496 1664 1600 1685 extem-

58 1701 189 1739 poralem,
205 1701 317 1739 οχέδιον,
333 1700 406 1728 illam
420 1700 577 1737 orationem,
585 1710 664 1738 quam
675 1711 796 1729 reversus
810 1701 1019 1740 Clirysostomus
1031 1701 1066 1730 ad
1076 1702 1208 1740 populum
1219 1701 1325 1738 habuit,
1334 1701 1400 1731 dicit
1410 1713 1466 1730 eam
1476 1713 1531 1731 esse
1541 1714 1600 1741 quae

59 1746 207 1775 Abrahami
223 1753 248 1774 et
263 1747 335 1776 Sarae
350 1745 555 1774 similitudinem
572 1745 692 1783 adhibet,
708 1746 742 1774 ab
758 1746 857 1785 illaque
872 1747 987 1775 orditur.

99 1791 170 1821 Huic
180 1792 292 1821 orationi
306 1793 419 1829 Gramae,
429 1802 512 1830 quam
523 1791 617 1820 Latine
628 1791 819 1829 convertimus,
832 1799 947 1821 veterem
958 1793 1214 1832 interpretationem,
1224 1804 1281 1831 qua:
1291 1794 1318 1822 in
1333 1793 1408 1832 prius
1417 1793 1496 1822 editis
1505 1795 1599 1830 fertur,

59 1837 262 1876 subjungimus3
278 1837 407 1876 quoniam
432 1837 495 1866 hinc
522 1845 547 1866 et
575 1837 639 1866 inde
664 1838 793 1869 nonnulla
823 1838 957 1866 habentur
979 1839 1082 1867 Graecis
1104 1839 1224 1866 auctiora
1235 1861 1244 1876 7
1272 1838 1397 1877 quzedam
1419 1839 1498 1867 etiam
1524 1850 1599 1868 secus

60 1882 156 1922 posita.

94 1927 244 1957 Secundam
252 1927 330 1956 etiam
340 1934 368 1956 ut
378 1938 471 1957 verum
483 1928 668 1967 Clirysostomi
679 1928 762 1956 fetum
773 1939 863 1957 omnes
874 1928 1035 1957 admittunt:
1045 1929 1155 1968 ejusque
1166 1929 1326 1966 γνησιότητα
1333 1929 1493 1957 Sozomcnus
1504 1929 1596 1958 asserit
1607 1940 1642 1960 422

59 1973 159 2002 in-loco
175 1984 255 2012 supra
268 1973 358 2002 allato.
370 1974 463 2002 Unum
478 1980 517 2002 est
532 1973 603 2011 quod
619 1984 672 2002 non
687 1984 783 2012 parum
799 1974 897 2012 negotii
913 1974 1032 2002 facessat.
1046 1975 1167 2002 Primum
1179 1974 1365 2012 Clu-ysostomi
1379 1974 1515 2010 exsilium,
1524 1982 1549 2002 et
1562 1976 1597 2003 ab

59 2018 108 2046 illo
122 2019 218 2047 exsilio
233 2019 335 2047 reditus
350 2018 377 2046 in
391 2029 492 2046 annum
504 2018 604 2047 cadunt
620 2019 693 2054 405;
706 2019 863 2055 seeundum,
876 2030 890 2047 a
906 2029 960 2057 quo
975 2029 1121 2056 numquam
1135 2019 1215 2047 rediit
1229 2019 1526 2058 Clirysostomus,ann0
1537 2022 1597 2049 404

60 2063 180 2102 contigit.
194 2064 262 2092 Cum
273 2063 389 2092 secundo
404 2064 502 2102 ejectus
514 2063 566 2091 suit
578 2064 794 2102 Chrysostomus‚
808 2064 922 2102 irruptio
935 2063 961 2091 in
973 2063 1111 2092 ecelesiam
1125 2064 1193 2092 faeta
1208 2071 1257 2101 est,
1266 2064 1453 2104 baptisterium
1466 2066 1596 2104 sanguine

65 2109 195 2149 repletum
208 2109 273 2146 fuit;
286 2109 344 2137 haec
357 2119 431 2145 vero,
444 2119 503 2147 quae
518 2119 586 2137 anno
602 2110 661 2137 404
675 2116 747 2148 gesta
759 2116 832 2146 sunt,
843 2110 870 2137 in
881 2110 931 2137 hae
945 2109 1067 2146 homilia,
1079 2120 1147 2138 anno
1159 2111 1218 2138 405
1233 2110 1333 2146 habita,
1344 2118 1594 2145 commemorantur.

61 2155 91 2184 τὸ
107 2155 279 2194 φωτιστήριον
306 2154 416 2193 αἵματος
434 2154 628 2192 ἐμπέπλησται.
643 2154 785 2189 Quomodo
802 2155 889 2193 potuit
911 2154 1119 2194 Chrysostomus
1139 2165 1168 2183 ea
1191 2166 1260 2183 anno
1280 2156 1339 2184 405
1355 2163 1383 2184 ut
1397 2163 1470 2195 gesta
1486 2157 1592 2193 referre,

59 2210 118 2239 quae
137 2211 205 2228 anno
220 2200 306 2228 solum
329 2200 449 2238 sequenti
465 2206 536 2238 gesta
551 2200 629 2228 sunt?
646 2200 710 2228 Haec
727 2200 820 2239 objicit
836 2200 965 2235 Savilius,
979 2201 1076 2239 quibus
1093 2201 1235 2240 respondet
1250 2201 1441 2230 Tillemontius
1455 2215 1461 2230 :
1475 2203 1595 2242 idipsum

61 2253 88 2275 et
101 2246 152 2274 hoc
162 2253 187 2274 et
203 2246 321 2284 sequenti
338 2256 407 2274 anno
421 2245 574 2284 contingere
588 2246 714 2285 potuisse.
730 2247 808 2275 Alius
825 2247 934 2275 sortasse
954 2246 1035 2285 dicet,
1051 2247 1108 2275 haec
1128 2246 1262 2286 adjectitia
1283 2258 1348 2284 esse,
1360 2255 1385 2276 et
1400 2259 1433 2276 ex
1454 2249 1508 2277 alio
1526 2250 1594 2278 forte

61 2293 190 2331 opusculo
200 2291 396 2331 Chi-ysostomi‚
413 2291 485 2329 quod
499 2291 618 2331 perierit,
634 2292 688 2320 huc
702 2293 829 2321 translata
843 2293 934 2322 fuisse.
951 2293 1028 2322 Certe
1048 2303 1089 2322 res
1104 2293 1161 2322 haec
1178 2292 1338 2322 difficultate
1353 2305 1405 2323 non
1422 2301 1510 2332 vacat,
1526 2302 1551 2323 et
1566 2295 1592 2323 in

62 2337 245 2377 Chrysostomi
257 2338 322 2367 Vita
336 2337 459 2377 pluribus
475 2338 649 2376 expendetur.

103 2384 244 2413 Godefridi
259 2383 408 2416 Tilmauni,
424 2384 471 2422 qui
488 2384 678 2423 paraphrasten
693 2385 794 2424 potius,
810 2395 891 2423 quam
906 2384 1076 2424 interpretem
1087 2384 1308 2424 egit7versionem
1319 2385 1469 2425 rejecimuS‚
1479 2396 1592 2415 novam-

63 2439 114 2466 que
125 2430 285 2469 paravimus.

245 2586 316 2604 TOM.
343 2587 394 2605 111.
1435 2585 1473 2602 Οι]
