1843 2810
226 159 298 205 646
558 170 587 193 S.
615 169 753 193 JOANNJS
780 166 959 190 cnnvsosr.
990 167 1144 191 Anconae.
1172 169 1437 192 consa-Amison.

225 231 474 261 immoderationem
495 241 560 269 esse,
575 238 653 269 atque
675 230 709 258 ab
724 229 808 268 ipsius
822 227 941 257 versutia
994 227 1116 267 κουργίας
1126 250 1133 263 ,
1149 229 1193 257 καὶ
1214 232 1265 258 τῶν
1280 231 1400 269 πονηρῶν
1413 230 1491 257 αὐτοῦ
1510 228 1647 266 νοημάτων
1669 228 1755 267 ἔργον·

227 284 253 306 et
273 277 403 317 improbis
423 277 628 316 cogitationibus
649 274 782 315 proficisci
803 283 920 301 asserens
933 284 939 300 z
994 273 1060 312 ὑπὲρ
1074 270 1108 302 ὧν
1124 274 1206 314 ἕτεροι
1227 275 1485 313 πεπλημμελήκασι,
1500 274 1544 302 καὶ
1559 274 1633 302 ἄλλοι
1649 273 1757 312 μέλλου-

227 333 314 352 annon
328 330 452 352 extremae
472 322 591 351 stultitize
612 328 690 359 atque
704 319 812 348 insaniae
827 325 875 353 est,
892 329 941 357 pro
994 330 1034 347 σιν
1051 318 1156 352 εὐθύνας
1167 319 1283 359 ὑπέχειν,
1300 324 1354 353 πῶς
1369 322 1415 349 οὐκ
1435 320 1548 359 ἐσχάτης
1563 319 1649 352 ἀνοίας
1662 331 1691 348 τε
1714 319 1758 347 καὶ

226 369 342 409 peccatis
354 369 457 405 alicnis,
470 368 538 396 etde
548 366 646 405 quibus
661 365 720 393 aliis
730 364 864 403 judicium
877 363 941 391 sub-
995 365 1088 402 μανίας
1104 365 1172 394 οὕτω
1183 367 1394 396 κατακόπτεσῡαι
1409 367 1453 395 καὶ
1468 367 1565 404 ἀλγεῖν,
1586 368 1621 398 ὡς
1639 365 1682 394 καὶ
1699 364 1759 394 σχό-

226 415 346 444 eundum
359 425 389 443 ac
407 425 484 454 poena
502 412 598 442 luenda
619 418 666 447 est,
681 411 708 438 in
724 417 795 438 tanto
814 409 905 438 dolore
916 417 941 438 et
993 423 1036 442 τος
1057 411 1154 450 ἄφατον
1180 412 1285 450 ἐπάγειν
1308 415 1340 451 τῇ
1366 412 1478 451 διανοίᾳ,
1493 412 1537 440 καὶ
1554 411 1633 440 πολὺν
1656 411 1699 439 τὸν
1719 410 1759 438 θό-

228 461 348 489 crueiatu
363 459 472 494 versari,
485 465 513 486 ut
527 458 606 486 etiam
620 455 792 484 densissimas
808 455 940 490 tenebras,
999 457 1085 496 ρυὲον,
1096 457 1140 485 καὶ
1155 457 1290 496 σύγχυσιν,
1301 458 1345 486 καὶ
1355 458 1483 498 ταραχὴν,
1497 457 1541 486 καὶ
1552 458 1633 491 ζάλην
1645 457 1758 496 ἄφατονς

227 505 411 544 ingentemque
430 504 577 532 tumultum
590 509 615 530 et
636 501 816 530 confusionem
834 511 864 528 ac
880 511 940 539 per-
960 504 978 525 D
997 503 1030 531 Εἰ
1045 503 1071 532 δὲ
1086 503 1164 531 πάλιν
1181 514 1224 540 μοι
1239 503 1272 532 τὰ
1288 503 1352 531 αὐτὰ
1374 504 1470 541 λέγεις,
1489 503 1528 532 ὅτι
1551 502 1678 541 βούλομαι
1701 502 1758 540 μὲν,

228 551 418 584 turbationem,
429 557 506 587 atque
520 547 682 577 horrendam
692 553 875 586 tempestatem
885 545 940 574 ani-
997 550 1042 576 οὐκ
1056 548 1138 587 ἰσχύω
1155 548 1195 584 δὲ,
1217 549 1296 577 πάλιν
1311 561 1351 578 σοι
1366 549 1410 577 καὶ
1430 549 1480 587 ἐγὼ
1499 549 1533 578 τὰ
1547 549 1612 578 αὐτὰ
1633 551 1699 587 ἐρῶ,
1719 547 1758 576 ὅτι

228 608 272 626 mo
288 596 417 625 invehas?
428 594 507 630 Quod
518 595 540 622 si
556 593 623 622 mihi
639 603 745 621 rursum
760 591 852 620 eadem
866 592 942 620 dixe-
998 596 1092 632 σκῆγις
1116 594 1161 622 καὶ
1177 595 1305 634 πρόφασις
1319 597 1414 623 ταῦτα·
1428 595 1473 622 καὶ
1493 595 1544 634 γὰρ
1566 590 1621 624 οἶδά
1645 605 1690 622 σου
1713 595 1759 626 τῆς

228 643 274 679 ris,
285 642 412 670 nimirum
428 648 453 669 te
462 640 538 676 velle,
549 639 595 668 sed
609 639 720 667 minime
735 648 821 677 posse,
835 648 941 666 rursum
998 639 1138 678 φιλοσόφου
1153 641 1239 678 ψυχῆς
1259 639 1292 668 τὰ
1313 643 1398 679 νεῦρα.
1410 639 1468 668 Ἵνα
1495 639 1521 667 δὲ
1547 639 1669 679 ἑτέρωθεν
1687 641 1760 667 εὐκο-

227 689 277 717 tibi
300 687 391 716 eadem
418 697 523 725 quoque
535 686 591 725 ipse
605 695 735 724 regeram,
747 694 842 722 nempe
856 694 942 712 meras
997 685 1113 723 λωτέραν
1128 697 1168 713 σοι
1191 685 1294 720 ποιήσω
1309 685 1356 719 τὴν
1379 685 1447 714 κατὰ
1461 687 1507 719 τῆς
1533 684 1643 722 ἀθυμίας
1665 684 1760 719 ταύτης

227 733 410 762 exeusationes
425 742 561 770 merosque
570 737 714 772 przetextus
726 729 784 758 haec
795 740 850 757 esse
863 741 868 756 τ
882 739 942 757 ner·
997 732 1044 764 τ’ἧς
1066 730 1174 769 ἀκαίρου
1202 731 1246 759 καὶ
1270 730 1385 769 ὀλεθρίας
1401 730 1552 759 ἀντίστασίν
1574 742 1602 758 τε
1616 729 1660 758 καὶ
1676 729 1760 764 νίκην,

229 790 277 808 vos
297 779 368 807 enim
387 778 581 818 pliilosophicae
599 777 694 805 animae
714 783 766 805 tuae
783 775 900 814 cognitos
912 786 942 803 ac
997 779 1073 804 τοῦτο
1085 776 1163 804 πάλιν
1174 776 1237 816 ὅπερ
1251 779 1383 805 ἐπιτάττω
1396 777 1474 805 ποίει.
1486 776 1571 805 εὈταν
1584 775 1695 814 ἀκούσῃς
1707 776 1763 810 διη-

229 832 383 863 perspectos
403 824 497 852 habeo.
512 825 549 852 Ut
570 830 659 852 autem
673 823 725 851 alia
744 833 849 860 quoque
863 822 943 850 ratio-
997 822 1121 860 γουμένου
1145 822 1213 854 τινος
1235 822 1282 856 τὴν
1305 822 1485 860 πανο>λεορίαν
1501 822 1609 857 ταύτην,
1638 820 1764 855 ἀποπήδα

229 880 261 898 ne
275 870 423 899 faciliorem
434 870 483 898 tibi
500 869 627 898 adversus
641 869 825 908 importunum
836 868 908 896 hunc
920 874 944 896 et
998 866 1099 906 ταχέως
1113 867 1164 895 ἀπὸ
1179 869 1229 896 τῶν
1242 869 1373 905 λογισμῶν
1391 867 1498 903 τούτων,
1513 868 1556 896 καὶ
1571 867 1648 906 τρέχε
1662 867 1705 895 ἐπὶ
1716 866 1764 900 τὴν

230 916 385 955 pestiferum
400 926 540 944 moerorem
562 925 680 955 pugnam
690 925 720 942 ac
733 913 873 943 victoriam
884 913 944 941 red·
963 918 982 941 E
1000 913 1097 941 ἔννοιαν
1109 915 1156 947 τῆς
1173 912 1273 952 ἡμέρας
1288 913 1387 947 ἐκείνης
1401 915 1447 947 τῆς
1462 913 1588 952 φοδερᾶς,
1606 913 1650 940 καὶ
1670 913 1765 940 ἀναλο-

230 961 304 999 dam,
328 962 380 990 hoc
406 972 513 997 rursus,
534 960 607 999 quod
626 960 722 999 jubeo,
748 959 827 987 facias
850 959 943 987 velim.
1000 958 1071 996 γίζου
1089 958 1160 997 παρὰ
1178 961 1260 996 σαυτῇ
1274 959 1303 987 τὸ
1319 960 1392 996 βῆμα
1416 958 1445 986 τὸ
1462 960 1604 998 φρικῶδες,
1631 957 1675 985 τὸν
1690 958 1765 985 δικα-

232 1007 303 1036 Cum
322 1008 438 1046 aliquem
452 1007 521 1035 hanc
536 1006 681 1046 perniciem
695 1011 947 1033 commemorantem
1003 1003 1066 1038 στὴν
1081 1004 1124 1032 τὸν
1138 1003 1288 1039 ἀδέκαστον,
1313 1003 1372 1036 τοὺς
1392 1003 1524 1041 ποταμοὺς
1539 1007 1583 1032 τοῦ
1598 1003 1692 1042 πυρὸς,
1707 1002 1766 1034 τοὺς

112 1067 138 1088 1„
148 1067 225 1094 publi·
233 1053 359 1089 audieris,
375 1053 409 1081 ab
431 1052 588 1091 hujusmodi
612 1051 770 1089 cogitatione
788 1060 869 1088 quam
892 1049 948 1088 pri-
1002 1049 1053 1088 πρὸ
1069 1052 1113 1078 τοῦ
1131 1049 1248 1087 βήματος
1259 1049 1356 1078 ἐκείνου
1372 1049 1528 1087 συρομένους
1544 1049 1588 1077 καὶ
1603 1047 1765 1088 σφοδροτάτῃ

83 1100 118 1133 ⁶⁵⁵,
138 1099 226 1133 ‘³¹³¹”fi-
235 1109 309 1127 mum
323 1106 348 1127 te
360 1108 477 1134 remove,
491 1104 570 1135 atque
582 1096 615 1124 ad
627 1095 791 1124 formidandi
807 1095 881 1122 illius
895 1094 947 1122 diei
1003 1095 1181 1133 καχλάζον-τας
1202 1097 1233 1134 τῇ
1256 1095 1330 1134 φλογὶ
1343 1118 1349 1130 ,
1370 1094 1417 1127 τὰς
1440 1094 1602 1132 ἠκονημένας
1621 1093 1766 1132 ῥομφαίας,

83 1129 225 1187 Zlssgzgfffl
234 1144 420 1183 cogitationem
438 1153 522 1180 curre,
538 1150 676 1180 tecumque
696 1140 861 1169 horrendum
879 1139 949 1168 illud
1003 1140 1049 1173 τὰς
1062 1140 1208 1179 ἀποτόμους
1220 1140 1362 1179 τιμωρίας,
1373 1141 1420 1175 τὴν
1432 1141 1537 1170 κόλασιν
1545 1139 1644 1175 τὴνούκ
1656 1139 1766 1178 ἔχουσαν

233 1190 352 1219 tribunal
364 1189 514 1224 considera,
529 1188 716 1227 incorruptum
727 1187 862 1224 Judicem,
877 1186 949 1224 igne-
1003 1186 1090 1222 τέλος,
1105 1187 1149 1215 τὸν
1165 1186 1239 1226 ζόφον
1255 1187 1297 1215 τὸν
1311 1188 1409 1225 ἀφεγγῆ
1419 1209 1426 1222 ‚
1442 1186 1472 1214 τὸ
1487 1186 1577 1218 σκότος
1590 1186 1619 1214 τὸ
1636 1184 1768 1225 ἐξώτερον,

233 1247 262 1265 os
272 1246 372 1272 amum,
386 1236 432 1273 qui
447 1245 495 1274 pro
513 1234 559 1263 illo
573 1233 702 1262 tribunali
714 1232 856 1261 trahuntur
868 1239 892 1260 et
906 1243 949 1260 ar-
1005 1233 1047 1261 τὸν
1072 1232 1198 1268 σκώληκα
1216 1232 1259 1261 τὸν
1282 1232 1392 1267 ἷοδόλον,
1413 1233 1445 1261 τὰ
1461 1232 1544 1269 δεσμὰ
1557 1231 1589 1260 τὰ
1604 1232 1702 1267 ἄλυτα,
1723 1231 1766 1259 τὸν

232 1281 388 1310 dentissima
399 1280 505 1309 flamma
518 1279 662 1314 ebulliunt,
680 1285 817 1318 peracutos
832 1277 947 1316 gladios,
1006 1278 1120 1317 βρυγμὸν
1134 1281 1185 1306 τῶν
1204 1278 1323 1313 ὀδόντων,
1338 1277 1382 1306 καὶ
1400 1278 1443 1306 τὸν
1459 1277 1589 1316 κλαυθμὸν
1604 1277 1647 1306 τὸν
1668 1278 1769 1316 ἀπαρα-

233 1336 336 1357 atroces
351 1338 453 1367 poenas,
469 1327 618 1355 cruciatum
639 1325 840 1364 sempiternum,
854 1331 949 1352 tetram
960 1351 996 1369 5³8
1007 1323 1129 1361 μύΟητον,
1154 1322 1184 1351 τὸ
1204 1323 1310 1362 Οέατρον
1325 1325 1371 1358 τῆς
1386 1322 1554 1360 οἰκουμένης,
1571 1323 1668 1360 μᾶλλον
1696 1321 1722 1350 δὲ
1740 1321 1769 1350 τὸ

234 1374 385 1411 caliginem,
402 1372 545 1401 exteriores
569 1371 701 1408 tenebras,
713 1370 868 1409 pestiferum
891 1380 949 1398 ver·
969 1379 987 1400 Α
1007 1369 1113 1406 Θέατρον
1131 1368 1255 1408 ἑκατέρας
1270 1371 1316 1403 τῆς
1334 1368 1458 1404 κτίσεως,
1479 1371 1525 1403 τῆς
1540 1368 1606 1403 ἄνω,
1625 1370 1671 1402 τῆς
1687 1367 1767 1396 κάτω.

234 1429 314 1455 mem,
328 1418 436 1447 vincula
451 1428 510 1456 quae
527 1417 600 1445 nulla
615 1416 643 1444 vi
657 1416 744 1453 frangi
760 1422 869 1454 queant,
884 1415 950 1443 den-
1005 1413 1058 1443 Καὶ
1074 1413 1125 1453 γὰρ
1150 1415 1176 1442 αἱ
1200 1414 1324 1451 δυνάμεις
1345 1416 1396 1442 τῶν
1419 1415 1532 1453 οὐρανῶν
1545 1413 1749 1448 σαλευθήσονται
1762 1435 1770 1447 ,

235 1464 304 1492 tium
317 1462 603 1501 st1·id0re1n‚ejulatum
611 1461 797 1489 consolationis
804 1467 949 1499 expertem,
1006 1459 1094 1498 φησίν.
1119 1461 1151 1488 lit
1175 1459 1225 1497 γὰρ
1242 1460 1286 1488 καὶ
1312 1459 1393 1495 μηδὲν
1418 1461 1522 1491 ἑαυταῖς
1547 1459 1680 1494 συνίσασι,
1704 1458 1771 1496 μηδὲ

236 1509 310 1538 orbis
322 1508 513 1544 tl1eatrum,vel
523 1507 611 1546 potius
622 1507 761 1544 utriusque
771 1513 870 1534 naturae
879 1506 950 1534 thea-
1008 1504 1145 1542 μέλλουσιν
1165 1505 1270 1543 ὑπέχειν
1297 1504 1418 1540 εὐθύνας,
1445 1505 1502 1533 ἀλλ’
1529 1507 1626 1543 δρῶσαι
1648 1504 1678 1533 τὸ
1700 1503 1771 1542 γένος

90 1564 175 1586 Manh.
192 1563 229 1592 ²4·
239 1561 322 1592 trum,
338 1554 388 1583 hoe
402 1560 441 1582 est
455 1553 599 1592 superioris
614 1559 640 1580 et
661 1551 804 1580 inferioris.
825 1552 950 1579 Virtutes
1009 1550 1076 1579 ἅπαν
1097 1552 1148 1578 τῶν
1172 1550 1324 1590 ἀνθρώπιον,
1339 1550 1383 1578 καὶ
1397 1549 1456 1582 τοὺς
1471 1549 1592 1588 ἀπείρους
1607 1550 1703 1587 δήμους
1717 1560 1773 1587 κρι-

89 1601 126 1624 29·
236 1601 307 1629 enim
319 1600 455 1628 caelorum
466 1599 668 1634 movebuntur,
680 1597 718 1625 ait
733 1596 864 1625 Christus.
881 1597 950 1624 Nam
1009 1595 1145 1633 νομένους,
1162 1597 1209 1624 οὐκ
1236 1597 1316 1627 ἀδεῶς
1333 1597 1386 1624 ἐκεῖ
1400 1595 1591 1635 παρεστήκασι.
1610 1596 1740 1628 Τοσοῦτος
1760 1597 1774 1623 ὃ

236 1645 285 1674 etsi
304 1645 406 1674 nullius
427 1643 532 1672 sceleris
554 1642 605 1671 sibi
621 1641 742 1679 consciaz,
758 1652 804 1669 nee
816 1641 951 1680 judicium
1010 1640 1087 1679 cpo'Coq
1105 1641 1172 1670 τότε.
1188 1643 1281 1670 Ταῦτα
1295 1641 1378 1670 τοίνυν
1402 1640 1496 1675 ἐννόει,
1516 1641 1559 1669 καὶ
1573 1639 1632 1673 τοὺς
1648 1641 1774 1680 ἀφύκτους

236 1691 368 1720 subitura:
385 1697 457 1724 sunt,
475 1696 561 1717 tamen
580 1688 735 1716 universum
751 1687 891 1715 hominum
906 1697 953 1725 ge—
1010 1686 1142 1725 ἐλέγχους.
1161 1687 1229 1716 Οὐδὲ
1249 1688 1300 1726 γὰρ
1326 1687 1478 1726 κατηγόρων
1493 1687 1575 1714 δεῖται
1588 1688 1683 1719 ἐκεῖνος
1704 1690 1717 1716 ὁ
1739 1687 1775 1714 δι-

237 1748 287 1765 nus
296 1733 708 1775 conspicientes,atq11einfinitas
719 1733 837 1761 nationes
846 1743 953 1760 eausam
1010 1733 1108 1768 καστὴς
1118 1754 1125 1767 ,
1141 1733 1197 1761 οὐδὲ
1215 1732 1362 1772 μαρτύρων,
1377 1732 1434 1760 οὐδὲ
1451 1732 1616 1768 ἀποδείξεων,
1631 1731 1688 1761 οὐδὲ
1702 1731 1775 1770 ἐλέγ-

237 1781 366 1818 dicentes,
386 1791 436 1809 non
454 1779 510 1808 sine
528 1786 598 1807 metu
617 1779 673 1807 illic
686 1778 836 1806 adstabunt.
850 1778 954 1806 Tantus
1011 1790 1078 1817 χων,
1095 1778 1161 1807 ἀλλὰ
1184 1778 1269 1807 πάντα
1284 1780 1318 1810 ὡς
1333 1778 1452 1816 ἐπράχθη
1476 1777 1548 1817 φέρει
1574 1780 1610 1809 εἷς
1637 1777 1715 1815 μέσον
1731 1777 1776 1806 καὶ

239 1827 366 1857 videlicet
378 1833 441 1854 tunc
457 1832 541 1853 terror
555 1824 614 1852 erit.
633 1824 696 1852 Haee
710 1823 857 1857 considera,
874 1832 956 1861 eaque
1012 1824 1063 1861 πρὸ
1076 1825 1127 1852 τῶν
1147 1825 1287 1862 ὀφθαλμῶν
1299 1825 1350 1851 τῶν
1362 1823 1636 1861 πεπλημμεληκότων.
1649 1823 1717 1852 Τότε
1732 1825 1777 1852 οὖ·-

240 1879 407 1911 argumenta,
424 1881 458 1899 ex
479 1870 578 1908 quibus
597 1868 718 1897 elabendi
741 1868 807 1896 ratio
824 1869 896 1896 nulla
913 1869 956 1897 sit.
1014 1869 1064 1902 δεὶς
1085 1872 1098 1897 ὁ
1121 1869 1297 1909 παρεσόμενος
1319 1868 1363 1896 καὶ
1385 1869 1538 1907 ἑξαρπάσων
1562 1869 1609 1902 τῆς
1633 1868 1777 1907 τιμωρίας,

241 1919 335 1956 Neque
346 1917 416 1946 enim
429 1913 724 1953 accusatoribusjudex
737 1913 782 1942 illc
793 1924 860 1953 opus
870 1914 958 1949 habet,
1014 1917 1042 1943 οὐ
1050 1914 1152 1953 πατὴρ,
1166 1916 1215 1952 οὐχ
1226 1914 1292 1947 υἱὸς,
1307 1916 1334 1942 οὐ
1347 1914 1476 1951 θυγάτηρ,
1489 1915 1517 1942 οὐ
1531 1912 1633 1952 μήτηρ,
1642 1914 1689 1942 οὐκ
1701 1914 1778 1946 ἄλλος

241 1974 289 1992 nee
301 1963 424 1999 testibus,
434 1973 481 1990 nec
495 1960 723 2000 argumentis,nec
733 1960 936 1999 probationibus
950 1972 956 1987 ε
979 1971 996 1993 B
1015 1972 1054 1993 τις
1068 1959 1209 1998 συγγενὴς,
1225 1961 1253 1988 οὔ
1267 1959 1368 1997 γείτων,
1388 1961 1415 1987 οὐ
1429 1959 1500 1997 φίλος
1515 1981 1522 1994 ,
1540 1960 1567 1987 οὖ
1583 1958 1736 1998 συνήγορος,
1750 1960 1778 1987 οὗ

241 2020 336 2039 verum
347 2008 447 2044 omnia,
460 2014 489 2035 ut
504 2013 576 2045 gesta
590 2012 662 2042 sunt,
679 2005 705 2033 in
721 2005 840 2033 medium
850 2006 959 2044 profert,
1016 2006 1160 2045 χρημάτων
1171 2005 1282 2040 δόσις,οὗ
1293 2004 1406 2034 πλούτου
1419 2004 1570 2043 περιουσία,
1588 2006 1615 2033 οὐ
1630 2004 1780 2036 δυναστείας

243 2062 323 2092 atque
343 2061 403 2083 ante
413 2053 505 2082 oeulos
521 2062 613 2080 eorum
630 2051 675 2089 qui
692 2050 870 2089 deliquerunt.
887 2052 959 2079 Tum
1017 2052 1104 2090 ὄγκος,
1121 2050 1188 2080 ἀλλὰ
1203 2050 1288 2078 πάντα
1302 2053 1384 2078 ταῦτα
1399 2049 1488 2088 ὥσπερ
1502 2049 1572 2082 κόνις
1591 2049 1707 2078 ἐκποδὼν
1723 2049 1781 2084 ἐλή-

244 2111 338 2137 nemo,
361 2100 407 2138 qui
428 2111 442 2128 e
461 2098 593 2138 supplicio
617 2097 724 2135 eripiat,
746 2096 888 2125 adfuturus
908 2103 959 2133 est,
1017 2098 1109 2132 λαται,
1125 2096 1169 2124 καὶ
1191 2096 1267 2133 μόνος
1281 2098 1294 2124 ὃ
1311 2095 1460 2134 κρινόμενος
1483 2095 1534 2123 ἀπὸ
1557 2097 1608 2123 τῶν
1635 2097 1705 2133 αὐτῷ
1732 2107 1780 2123 πε-

245 2156 297 2174 non
310 2153 393 2184 pater,
409 2155 459 2173 non
475 2144 557 2180 filius,
575 2153 626 2171 non
644 2143 712 2179 filia,
728 2153 780 2170 non
796 2149 891 2179 mater,
907 2153 960 2171 non
1016 2141 1184 2181 πραγμένων,
1204 2141 1221 2176 ἢ
1243 2141 1289 2176 τὴν
1318 2143 1509 2179 ἐλευθεροῦσαν,
1524 2140 1540 2174 ἢ
1555 2140 1601 2175 τὴν
1627 2140 1779 2172 δικάζοι-»σαν

245 2191 315 2219 alius
329 2190 462 2229 quispiam
475 2195 612 2227 cognatus,
624 2199 676 2217 non
691 2187 808 2223 vicinus,
824 2198 876 2216 non
894 2188 958 2216 ami·
1017 2188 1140 2225 ὑπομένει
1153 2189 1247 2226 ψῆφον.
1263 2188 1331 2215 Τότε
1346 2187 1426 2218 οὐδεὶς
1441 2186 1505 2226 ὑπὲρ
1525 2181 1560 2214 ὧν
1581 2186 1657 2217 ἄλλος
1677 2186 1782 2222 ἐπλημ-

246 2247 306 2273 cus,
332 2246 384 2264 non
404 2242 532 2274 patronus
542 2256 549 2270 ‚
571 2244 622 2262 non
643 2233 817 2272 pecuniarum
841 2232 958 2271 largitio,
1018 2234 1116 2271 μέλησε
1129 2233 1260 2272 κρίνεται,
1273 2233 1330 2261 ἀλλ’
1343 2232 1407 2270 ὑπὲρ
1419 2227 1453 2259 ιῖν
1466 2231 1541 2263 αὐτὸς
1553 2231 1661 2262 ἕκαστος
1669 2231 1780 2270 ἥμαρτε.

248 2293 299 2311 non
321 2291 403 2321 opum
423 2279 583 2318 amplitud0‚
600 2289 652 2307 non
677 2278 841 2307 auctoritatis
862 2289 892 2306 ac
915 2289 962 2318 po-
1017 2281 1110 2308 Ταῦτα
1124 2274 1165 2306 οὖν
1182 2278 1284 2306 ἅπαντα
1299 2276 1567 2315 συναγαγοῦσα,“κα“ι
1580 2276 1623 2305 τὸν
1635 2275 1713 2315 φόίον
1724 2279 1782 2304 τοῦ·

248 2328 334 2357 tentioe
352 2334 457 2362 tum0r3
471 2335 565 2354 verum
586 2324 641 2352 haec
660 2324 749 2352 omnia
768 2334 819 2352 non
840 2335 914 2353 secus
933 2335 963 2353 ac
1018 2337 1060 2353 τον
1079 2324 1245 2362 ἐξογκώσασα
1257 2346 1264 2359 ,
1279 2323 1323 2351 καὶ
1340 2322 1521 2360 ἐπιτειχίσασα
1536 2324 1567 2360 τῇ
1590 2324 1717 2360 σατανικῇ
1738 2322 1783 2350 καὶ

249 2375 364 2415 pulvise
378 2371 491 2412 pedibus
515 2380 625 2399 excussa
647 2376 716 2403 sunt,
731 2380 761 2397 ac
784 2369 855 2397 solus
875 2370 897 2398 is
917 2370 962 2408 qui
1018 2370 1181 2410 ψυχοὸλαὸεῐ
1203 2369 1291 2407 λύπῃ,
1312 2368 1391 2399 οὕτως
1414 2369 1439 2396 ἐν
1459 2370 1491 2406 τῇ
1518 2367 1582 2406 πρὸς
1604 2367 1684 2402 αὐτὴν
1707 2370 1783 2403 στῆΟι

249 2431 358 2450 causam
368 2418 445 2453 dicit,
462 2417 539 2446 exiis
554 2426 612 2454 quae
628 2415 662 2443 ab
675 2415 733 2454 ipso
748 2422 820 2453 gesta
835 2423 907 2451 suut,
920 2417 963 2445 vel
1018 2415 1175 2455 παρατάξει,
1196 2416 1222 2443 ἐν
1239 2410 1258 2452 ἦ
1276 2413 1320 2442 καὶ
1338 2418 1446 2453 φανεῖσα
1462 2413 1547 2451 μόνον,
1567 2413 1684 2452 ἀράχνης
1702 2413 1782 2447 αὐτὴν

249 2466 417 2500 absolvitur,
438 2463 480 2493 vel
507 2461 705 2491 condemnatur.
729 2461 808 2489 Tunc
832 2471 909 2489 nemo
929 2461 963 2490 ob
981 2468 999 2492 G
1019 2461 1191 2499 εὐκολώτερον
1214 2459 1358 2489 διασπάσαι
1372 2459 1417 2487 καὶ
1433 2458 1558 2497 ἀφανίσαι
1574 2459 1681 2497 δυνήσῃ.
1707 2457 1780 2493 Αὐτὴ

284 2560 294 2571 ⁴
314 2552 368 2576 Duo
379 2551 429 2575 MSS
449 2552 485 2575 καὶ
499 2555 529 2581 τῷ
544 2550 601 2582 ’ρὸὸῳ
613 2549 693 2579 τοὺτῳ·
704 2545 772 2571 Alius
785 2552 815 2579 τῷ
828 2549 886 2578 φὸέῳ
893 2548 990 2573 :eorm-a.
