1840 2839
745 173 879 198 tzt‘tSTOt.
888 176 908 197 ti
915 190 921 197 .

68 240 290 280 πονηρευομένων,
326 238 396 268 οὐδὲν
425 238 592 276 δεδοίκαμεν·
618 239 675 266 ἀλλ’
705 237 834 276 εὐχόμεθα

67 286 114 324 μὲν
130 286 174 315 καὶ
192 285 250 319 τοὺς
271 286 345 317 ὄντας
359 284 501 319 <sesso-“mou
515 283 692 322 πειρασμοὶις,
713 284 757 312 καὶ
782 283 835 312 ἑτέ-

67 344 123 372 ρους
145 332 171 361 δὲ
200 332 236 370 μὴ
261 331 447 370 προσγενέσθαι
460 353 466 365 ,
493 329 645 358 δεσποτικὸν
676 330 835 369 πληροῦντες

65 380 157 417 νόμον,
184 379 227 407 τὸν
255 376 394 406 κελεύοντα
423 375 544 415 εὔχεσθαι
580 376 616 414 μὴ
647 377 769 404 εἶσελυεῖν
800 377 835 408 εἰς

64 423 226 462 πειρασμόν·
249 425 271 452 εἰ
292 424 314 451 δ’
340 423 390 461 ἄρα
407 421 591 461 συγιοφηθείη
607 421 725 460 γενέσθαι
746 421 834 455 πάλιν,

65 472 210 509 θαρροῦμεν
235 469 300 508 ὑπὲρ
325 471 371 503 τῆς
394 471 493 508 χρυσῆς
521 480 565 497 σου
594 470 680 507 ψυχῆς
690 491 696 502 ,
719 472 766 504 τῆς
790 467 834 496 καὶ

64 517 179 545 ἐντεῦθεν
202 516 324 555 μέγιστον
343 518 422 554 ἑαυτῇ
449 515 610 553 συναγούσης
630 516 751 543 πλοῦτον.
774 514 834 542 Τίνι

64 563 115 601 γάρ
131 574 159 591 σε
172 562 315 596 δεδίξεσθαι
332 562 504 596 δυνήσονται,
526 564 548 590 οἱ
574 561 640 589 κατὰ
666 563 712 595 τῆς
735 562 833 588 ἑαυτῶν

64 609 150 637 πάντα
170 610 317 645 τολμῶντες
335 609 462 646 κεφαλῆῃ
484 607 574 646 Ζημίᾳ
588 607 748 646 [puy-einum
765 606 832 634 Ἀλλ’

64 649 92 683 εὖ
107 650 152 683 οἶδ’
166 654 205 682 ὅτι
218 654 287 686 κόνις
307 665 347 683 σοι
365 657 447 682 ταῦτα
457 676 463 687 ,
479 654 523 681 καὶ
538 655 623 688 πηλοῦ
645 653 740 685 παντὸς
763 653 834 680 εὐτε-

64 699 173 739 λέστερα
189 695 255 728 εἶναι
269 700 410 736 νομίζεται.
428 698 506 728 Ἀλλὰ
529 699 653 736 πατρίδος
673 698 769 734 ἐκίῖολῇ
790 697 834 725 καὶ

65 744 166 780 οἶκίας;
183 745 251 773 Ἀλλ’
275 741 350 773 οἶσθα
369 744 399 773 σὺ
414 745 457 773 καὶ
470 743 515 776 τὰς
527 744 643 782 μεγάλας
663 743 707 771 καὶ
723 745 835 771 πολυαν-

65 790 182 831 θρώπους
197 791 286 823 πόλεις
303 790 420 829 καθάπερ
440 789 485 821 τὰς
507 789 618 828 ἐρήμους
639 788 719 821 οὕτως
742 790 833 821 οἰκεῖν,

65 836 164 876 ἡσυχία
175 836 218 864 καὶ
232 835 422 876 ἀπραγμοσύνῃ
438 834 481 863 τὸν
497 835 601 863 ἅπαντα
619 835 754 870 συζήσασα
772 834 834 873 χρό-

65 893 106 910 νον
117 905 123 917 ,
153 882 197 909 καὶ
224 881 270 913 τὰς
296 881 420 919 βιωτικὰς
443 880 657 915 καταπατήσασα
682 881 833 919 φαντασίας.

63 927 143 957 Ἀλλὰ
158 929 267 957 Θάνατον
281 929 431 957 ἀπειλοῦσιν
443 940 450 962 ;
464 927 542 956 Ἀλλὰ
563 926 593 956 σὺ
616 928 660 955 καὶ
679 930 755 956 τοῦτο
769 939 834 966 προ-

63 975 179 1003 λαὸοῦσα
193 974 235 1003 διὰ
247 973 343 1006 παντὸς
357 974 516 1011 ἐμελέτησας
533 976 577 1001 τοῦ
596 973 704 1012 χρόνου,
725 974 772 1002 κᾶν
792 975 833 1001 ἑλ-

64 1018 175 1048 κύσωσιν
201 1020 243 1048 ἐπὶ
269 1019 380 1059 σφαγὴν,
407 1019 496 1058 νεκρὸν
522 1019 566 1047 ἐπὶ
589 1018 686 1052 ταύτην
711 1023 721 1034 ³
733 1018 834 1052 ἕλξουσι

64 1067 152 1103 σῶμα.
167 1065 202 1094 Τί
220 1066 258 1093 δεῖ
277 1066 310 1093 τὰ
327 1064 412 1094 πολλὰ
432 1064 530 1102 λέγειν;
549 1065 641 1096 Οὐδείς
656 1076 684 1093 σε
699 1065 769 1093 οὐδὲν
791 1066 834 1104 ε’ρ-

64 1111 196 1148 γάσασΟαι
210 1111 346 1145 δυνήσεται
360 1114 484 1146 τοιοῦτον,
500 1105 528 1139 οὗ
543 1109 591 1144 τὴν
612 1110 744 1148 ὑπομονὴν
768 1111 834 1149 μετὰ

64 1157 164 1191 πολλῆς
182 1158 231 1196 οὐχ
245 1157 349 1195 εὑρήσει
370 1159 417 1191 τῆς
431 1155 581 1196 περιουσίας
595 1156 621 1183 ἐν
637 1156 677 1184 σοὶ
690 1156 773 1185 πάλαι
788 1169 835 1185 κα-

64 1205 246 1242 τορθωθεῖσαν.
268 1201 325 1237 Τὴν
344 1201 395 1241 γὰρ
415 1201 507 1236 στενὴν
528 1201 568 1229 ἀεὶ
593 1201 637 1230 καὶ
658 1202 833 1240 τεΟλιμμένην

63 1247 189 1277 ὁδεύσασα
203 1248 270 1284 ὁδὸν,
291 1249 317 1276 ἐν
337 1248 434 1276 ἅπασιν
450 1247 589 1286 ἐγυμνάσω
607 1247 714 1280 τούτοις.
736 1248 835 1287 Διόπερ

62 1293 268 1329 τὴν,καλλίστην
282 1293 380 1328 ταύτην
395 1294 543 1331 ἐπιστήμην
563 1295 589 1322 ἐν
607 1296 659 1325 τοῖς
680 1293 834 1332 γυμνασίοις

63 1339 218 1375 οἰσκήσοισα7
233 1342 276 1367 νῦν
290 1341 315 1368 ἐν
330 1343 384 1371 τοῖς
400 1341 484 1376 ἀγῶσι
498 1339 671 1378 λαμπροτέρα
686 1339 813 1378 ἀνεφάνης
824 1362 831 1375 ,

62 1387 91 1414 οὗ
103 1385 180 1424 μόνον
192 1384 262 1414 οὐδὲν
274 1385 324 1414 ὑπὸ
334 1387 386 1413 τῶν
401 1384 543 1423 γινομένων
556 1385 731 1424 θορυὸουμένη
744 1408 751 1420 ,
765 1384 834 1414 ἀλλὰ

62 1431 106 1460 καὶ
123 1430 287 1471 πτερουμένη
298 1453 305 1467 ‚
320 1430 364 1459 καὶ
379 1432 530 1469 σκιρτῶσα,
545 1431 590 1459 καὶ
605 1431 760 1470 χορεύουσα.
779 1427 832 1459 Fssis

62 1476 114 1516 γὰρ
127 1476 288 1516 προσέλαὸες
307 1476 341 1505 τὰ
362 1477 513 1515 γυμνάσια,
530 1476 629 1505 τούτων
650 1476 709 1509 τοὺς
732 1479 834 1515 ἀγῶνας

63 1521 130 1560 μετὰ
141 1524 240 1557 πολλῆς
254 1525 297 1551 νῦν
311 1521 500 1561 μεταχειρίζεις
520 1524 568 1557 τῆς
588 1522 722 1559 εὐκολίας,
743 1524 769 1551 ἓν
785 1535 831 1561 γυ-

63 1567 169 1607 ναικείῳ
180 1567 300 1605 σώματι,
315 1568 361 1596 καὶ
375 1567 508 1606 ἀραχνίων
521 1567 714 1607 ἀσθενεστέρῳ,
730 1569 832 1608 ἀνδρῶν

63 1613 232 1653 σφριγώντων
244 1613 289 1642 καὶ
303 1613 362 1646 τοὺς
377 1613 482 1645 ὀδόντας
494 1613 643 1653 βρυχόντων
657 1613 723 1651 μετὰ
735 1615 833 1644 πολλοῦ

63 1660 107 1687 τοῦ
122 1658 234 1697 γέλωτος
247 1658 294 1694 τὴν
312 1658 406 1697 μανίαν
422 1661 612 1688 καταπατοῧσα
624 1680 632 1692 ,
655 1660 700 1688 καὶ
724 1659 832 1689 πλείονα

63 1703 154 1743 ἑτοίμη
170 1699 234 1733 οῧσα
248 1707 349 1741 παθεῖν,
362 1703 379 1739 ἢ
394 1706 488 1734 ἐκεῖνοι
504 1705 759 1744 παρασκευάζονται.
774 1707 832 1735 Μα-

62 1749 140 1789 καρία
151 1750 180 1780 σὺ
191 1750 235 1779 καὶ
243 1750 420 1791 τρισμακαρία
428 1753 480 1779 τῶν
491 1752 605 1780 ἐντεῦθεν
617 1752 759 1791 στεφάνων,
769 1753 833 1790 μᾶλ-

61 1797 106 1825 λον
116 1796 141 1825 δὲ
150 1797 195 1825 καὶ
204 1799 287 1826 αὐτῶν
298 1799 349 1825 τῶν
363 1796 601 1835 ἀγώνων.’1“οιαύτη
614 1797 665 1838 γὰρ
676 1800 727 1827 τῶν
739 1799 832 1827 παλαι-

61 1842 170 1881 σμάτων
183 1843 284 1882 ἡφύσις
299 1842 407 1878 τούτων,
425 1843 469 1872 καὶ
487 1843 538 1882 πρὸ
553 1845 604 1873 τῶν
625 1844 765 1883 βραὲείων,
787 1845 832 1873 καὶ

61 1889 88 1916 ἐν
100 1889 188 1921 αὐτοῖς
198 1893 252 1922 τοῖς
261 1889 415 1926 σκάμμασιν
427 1889 482 1928 ἔχει
493 1890 592 1922 καὶτὰς
603 1890 717 1928 ἀμοιὸὰς
727 1890 772 1919 καὶ
786 1891 833 1922 τὰς

61 1934 216 1970 ἀντιδόσεις,
229 1934 275 1969 τὴν
287 1933 392 1970 ἡδονὴν,
404 1934 436 1968 ἣν
447 1938 595 1974 καρποῦσαι
605 1939 659 1971 νῦν,
671 1935 720 1971 τὴν
736 1937 832 1974 εὖφρο-

61 1979 151 2014 σύνην,
162 1979 210 2013 τ-ὴν
225 1979 354 2018 ἀνδρείαν,
365 1979 413 2014 τὴν
426 1980 574 2019 καρτερίαν,
587 1980 634 2015 τὴν
645 1980 790 2018 ὑπομονὴν,
802 1980 832 2008 τὸ

61 2024 204 2060 ἀνάλωτον,
216 2024 245 2052 τὸ
260 2024 412 2063 ἀχείρωτον,
424 2025 453 2053 τὸ
463 2025 567 2054 πάντων
578 2026 742 2065 ὑψηλοτέραν
755 2022 831 2062 εἶναι,

61 2070 91 2099 τὸ
101 2069 181 2103 οὕτως
192 2069 287 2104 ἑαυτὴν
296 2072 421 2106 ἀσκῆσαι,
427 2071 463 2103 ὡς
473 2071 554 2108 μηδὲν
565 2071 689 2100 δύνασθαι
701 2072 774 2110 παρὰ
783 2084 832 2110 μη-

62 2116 132 2148 δενὸς
142 2118 232 2144 παθεῖν
245 2116 337 2152 δεινὸν,
349 2115 378 2144 τὸ
387 2116 516 2145 τοσούτων
527 2117 675 2146 κλυδωνίων
687 2117 831 2156 γενομένων

61 2161 105 2190 ἐπὶ
116 2163 163 2196 τῆς
177 2161 274 2201 πέτρας
290 2160 410 2196 ἑστάναι,
426 2160 456 2190 τὸ
469 2164 516 2196 τῆς
527 2162 658 2197 θαλάττης
674 2163 833 2201 μαινομένης

62 2207 177 2247 ἐξουρίας
192 2207 314 2247 φέρεσθαι
331 2207 398 2245 μετὰ
412 2209 511 2242 πολλῆς
527 2210 574 2243 τῆς
587 2208 714 2246 γαλήνης.
738 2209 832 2237 Ταῦτα

60 2255 107 2288 τ’ἧς
121 2253 233 2293 θλίψεως
251 2253 295 2281 καὶΙ
310 2252 361 2293 πρὸ
375 2255 423 2288 τῆς
439 2253 573 2292 βασιλείας
594 2256 645 2282 τῶν
666 2256 780 2293 οὐρανῶν
796 2255 833 2282 ε’ν-

61 2301 145 2328 wne«
158 2299 191 2328 τὰ
207 2298 318 2328 ἔπαθλα.
330 2295 400 2328 Οἶδα
412 2300 477 2339 γὰρ,
498 2294 555 2328 οἶδα
568 2299 608 2329 ὅτι
624 2303 667 2329 νῦν
685 2299 743 2329 οὐδὲ
758 2312 832 2340 περι-

62 2347 164 2374 κεῖσθαι
180 2345 210 2374 τὸ
226 2347 303 2383 σῶμα
321 2347 390 2384 ἡγῇ,
405 2345 456 2374 ὑπὸ
477 2347 524 2380 τῆς
542 2346 636 2380 ἡδονῆς
654 2347 831 2385 πτερουμένη,

64 2391 121 2419 ἀλλ’
132 2390 163 2425 ἢν
178 2391 267 2430 καιρὸς
280 2392 365 2430 καλῇ,
383 2390 556 2430 εὐκολώτερον
578 2392 640 2420 αὐτὸ
659 2392 777 2431 ἀποδύσῃ
789 2415 797 2428 ‚
815 2392 831 2427 ἢ

64 2436 147 2475 ἕτεροι
161 2436 193 2464 τὰ
208 2436 318 2474 ἱμάτια,
343 2437 359 2464 ἃ
381 2436 549 2476 περίκεινται.
574 2438 658 2476 Χαῖρε
683 2438 766 2467 τοίνυν
788 2438 832 2467 καὶ

65 2481 202 2521 εὐφραίνου
214 2482 258 2510 καὶ
272 2483 338 2523 ὑπὲρ
353 2486 463 2518 σαυτῆς,
481 2484 525 2512 καὶ
539 2483 605 2523 ὑπὲρ
615 2486 667 2513 τῶν
678 2484 726 2520 τὴν
743 2497 828 2522 μακα-

99 2570 109 2581 2
127 2563 183 2586 Duo
195 2563 252 2587 MSS.
267 2567 336 2594 ἕξουσι
350 2571 424 2596 σῶμα.

1538 179 1604 213 727

890 237 966 265 multi
981 244 1126 267 conventus
1141 238 1348 276 malignantium
1361 244 1385 267 te
1405 238 1524 277 undique
1536 240 1606 268 obsi-

889 282 984 320 deant,
996 284 1062 312 nihil
1076 284 1200 312 timemus
1215 297 1219 311 :
1232 295 1325 313 verum
1345 284 1412 312 illud
1427 285 1534 323 quidem
1546 297 1607 325 pre-

889 337 1027 364 camni-‚ut
1039 337 1062 357 et
1073 337 1214 369 przewntes
1224 330 1379 358 tentationcs
1390 331 1607 368 exstinguantur,

890 385 936 402 nee
948 374 1007 402 ali-'e
1024 374 1132 414 insuper
1157 374 1297 412 accedant,
1320 375 1483 404 dominis-'uu
1507 377 1574 405 scili(
1584 384 1608 405 et

890 420 974 457 legem
999 421 1135 455 explentes
1145 443 1151 455 ,
1175 431 1233 458 qua·
1255 432 1312 456 uos,
1335 432 1366 449 ue
1387 422 1412 449 in
1435 422 1607 450 tentationem

890 465 1051 501 incidamus,
1066 466 1167 505 precari
1181 467 1259 505 jubet
1275 479 1279 494 ε
1301 467 1340 496 siu
1362 475 1451 496 autem
1463 469 1536 496 Deus
1549 480 1608 497 rur-

888 522 947 539 sum
960 512 1058 539 exoriri
1070 513 1155 548 sinat,
1167 513 1200 541 tle
1210 524 1288 541 aurea
1302 521 1343 541 tua
1355 514 1443 542 anima
1454 537 1462 551 ,
1474 525 1533 552 qua.-
1546 515 1610 544 binc

887 556 968 584 etiam
993 557 1172 595 aiuplissimas
1194 558 1246 586 sibi
1267 570 1328 598 opes
1353 560 1454 597 aggerit
1465 583 1472 595 ,
1486 560 1555 588 bono
1578 572 1609 589 ac

853 614 870 636 E
887 601 979 630 sirlenti
991 602 1080 630 auimo
1091 614 1192 631 sumus.
1205 603 1310 632 Etenim
1321 616 1434 642 quanam
1444 613 1607 635 reteri-orem

888 647 935 675 tibi
951 648 1046 675 afferre
1060 655 1195 686 poterunt,
1218 650 1262 686 qui
1284 650 1401 679 insnum
1422 659 1501 691 caput
1520 663 1609 680 suam·

888 704 939 730 que
953 693 1097 732 perniciem
1112 693 1220 731 quidvis
1235 697 1353 731 aggressi
1378 698 1459 725 sunt?
1483 699 1609 737 Opumue

887 738 1069 767 detrimento?
1086 742 1118 767 At
1130 739 1198 768 illud
1210 741 1292 779 probe
1304 742 1358 769 scio
1370 765 1376 777 ,
1389 749 1412 770 te
1424 754 1467 771 eas
1490 744 1609 782 pulveris

889 784 973 812 instar
984 785 1091 821 babere,
1104 796 1134 813 ac
1146 786 1242 823 quovis
1253 786 1310 815 luto
1320 787 1429 816 viliores
1445 790 1606 818 existimare.

890 832 930 858 Αιι
951 831 1044 869 patriai
1067 841 1097 859 ac
1114 831 1211 860 domus
1227 833 1390 862 amissione?
1407 836 1440 863 At
1459 842 1487 863 tu
1501 836 1607 875 amplas

886 875 966 904 etiam
981 887 1012 904 ac
1024 877 1174 914 frequentes
1189 878 1268 906 urbes
1283 889 1334 906 non
1350 890 1426 908 secus
1438 892 1468 908 ac
1482 881 1608 909 solitudi-

888 933 932 950 nes
945 923 1058 951 incolere
1070 923 1157 960 nosti,
1171 931 1200 952 ut
1212 935 1270 962 quae
1282 925 1308 952 in
1319 925 1373 953 otio
1385 936 1416 954 ac
1427 927 1515 964 quiete
1529 938 1608 955 omne

845 968 950 1013 6⁰5vit-'e
974 975 1079 1007 tempus
1103 970 1279 1007 transegeris,
1302 977 1380 1008 atque
1407 971 1518 1010 hujusce
1542 973 1608 1000 vita:

853 1023 871 1044 Λ
889 1025 1000 1053 pompas
1012 1025 1115 1053 semper
1127 1015 1293 1053 protriveris.
1310 1018 1344 1044 At
1356 1023 1468 1045 mortem
1481 1017 1605 1046 minitan-

888 1060 952 1088 tui-‘2‘
965 1061 1008 1089 Tu
1022 1071 1084 1088 vero
1096 1068 1261 1089 antevertens
1275 1061 1380 1089 nullum
1396 1069 1500 1101 tempus
1513 1063 1608 1091 omisi-

891 1106 943 1143 sti,
961 1106 1025 1145 quin
1037 1105 1070 1134 de
1083 1117 1111 1134 ea
1124 1107 1253 1145 cogitares
1271 1119 1276 1134 :
1295 1114 1373 1146 atque
1392 1130 1400 1145 ‚
1416 1108 1438 1136 si
1457 1108 1493 1136 ad
1518 1119 1608 1137 necem

889 1158 913 1179 te
929 1152 1059 1180 traxerint
1070 1174 1077 1187 ,
1089 1152 1202 1181 cadaver
1214 1152 1356 1181 dumtaxat
1369 1153 1403 1181 ad
1418 1164 1475 1182 eam
1489 1154 1608 1183 trahent.

889 1197 964 1233 Quid
980 1198 1103 1237 pluribus
1118 1198 1208 1227 verbis
1222 1209 1290 1238 opus
1306 1199 1364 1231 est?
1385 1199 1469 1227 Nemo
1487 1206 1511 1228 te
1532 1206 1606 1229 tanto

893 1244 948 1272 ullo
969 1244 1040 1272 malo
1058 1244 1164 1272 afficere
1179 1245 1277 1284 poterit
1298 1244 1391 1283 ‚quod
1414 1256 1466 1274 non
1492 1245 1610 1275 inveniat

883 1289 1046 1328 jampridem
1058 1300 1073 1317 a
1090 1296 1114 1318 te
1129 1300 1225 1328 magna
1237 1290 1362 1330 patientia
1376 1291 1526 1320 toleratum.
1537 1293 1606 1320 Nam

887 1346 947 1363 cum
961 1346 1007 1374 per
1022 1342 1123 1363 arctam
1137 1342 1162 1363 et
1183 1343 1324 1373 angustam
1340 1336 1414 1365 viam
1433 1348 1539 1376 semper
1555 1337 1605 1366 iter

886 1380 991 1418 seceris,
1001 1381 1043 1409 his
1050 1381 1176 1409 omnibus
1182 1381 1311 1410 diuturna
1318 1382 1507 1411 exercitatione
1517 1394 1610 1411 assue-

885 1426 958 1455 visti.
971 1429 1009 1454 Ac
1019 1426 1132 1465 proinde
1144 1437 1205 1455 cum
1218 1427 1429 1466 pulcherrimam
1442 1427 1511 1456 lianc
1523 1428 1609 1457 scien-

852 1483 869 1505 Β
886 1472 950 1501 tiam
961 1472 987 1501 in
1000 1471 1130 1511 palaestris
1142 1472 1256 1501 colueris
1267 1495 1276 1510 ,
1290 1483 1360 1501 nunc
1373 1473 1399 1501 in
1414 1474 1608 1502 certaminibus

885 1518 1026 1547 clariorem
1043 1524 1068 1546 te
1086 1517 1225 1557 praebuisti
1241 1529 1246 1545 :
1262 1518 1362 1558 quippe
1378 1530 1436 1557 quae
1452 1519 1486 1547 ob
1505 1530 1534 1547 ea
1547 1531 1606 1558 qua·

885 1564 1055 1603 contingunt,
1070 1574 1122 1592 non
1143 1563 1224 1592 modo
1241 1574 1293 1592 non
1307 1564 1486 1602 conturberis,
1508 1576 1605 1594 verum

885 1610 966 1639 etiam
983 1609 1059 1639 velut
1077 1610 1127 1638 alis
1142 1610 1271 1638 instructa
1287 1610 1395 1639 exsilias
1411 1621 1441 1639 ac
1461 1611 1604 1651 tripudies.

885 1657 955 1685 Nam
967 1666 1082 1694 quarum
1094 1666 1184 1684 rerum
1198 1655 1325 1684 exercitia
1345 1657 1496 1696 occupasti,
1509 1657 1606 1686 harum

885 1705 1030 1733 certamina
1041 1704 1110 1733 mira
1120 1715 1180 1733 cum
1190 1704 1317 1732 facilitate
1328 1704 1354 1732 in
1369 1704 1496 1733 muliebri
1509 1712 1535 1733 et
1548 1715 1607 1733 ara-

884 1750 940 1779 neis
960 1750 1136 1779 imbecilliore
1152 1761 1262 1790 corpore
1279 1760 1350 1778 nune
1368 1751 1436 1788 obis,
1454 1750 1606 1779 valentissi-

884 1807 988 1825 morum
997 1807 1026 1825 ac
1034 1795 1159 1825 dentibus
1168 1796 1340 1824 stridentium
1351 1796 1473 1825 virorum
1489 1796 1607 1824 furorem

883 1842 983 1881 ingenti
997 1853 1058 1870 cum
1075 1841 1131 1869 risu
1149 1841 1254 1870 calcans
1268 1853 1273 1868 :
1287 1848 1316 1869 ut
1330 1852 1389 1880 qum
1409 1842 1488 1880 plura
1504 1842 1607 1881 perpeti

882 1894 975 1926 parata
984 1887 1020 1915 sis
1029 1909 1037 1924 ,
1049 1898 1130 1925 quam
1141 1887 1180 1915 illi
1192 1887 1289 1915 inferre
1296 1894 1399 1926 parent.
1410 1887 1450 1915 Te
1459 1897 1522 1915 vero
1540 1888 1607 1916 bea-

882 1939 955 1969 tam,
970 1943 1000 1961 ac
1015 1939 1054 1961 ter
1069 1932 1174 1960 beatam
1184 1955 1191 1969 ‚
1203 1932 1238 1960 ob
1260 1943 1371 1960 coronas
1394 1943 1453 1970 quae
1477 1933 1540 1961 hine
1555 1933 1605 1962 tibi

883 1985 1088 2017 comparantur,
1102 1977 1155 2006 imo
1167 1977 1255 2017 potius
1266 1978 1300 2006 ob
1313 1978 1370 2017 ipsa
1393 1979 1548 2008 certamina.
1566 1979 1605 2008 Ea

850 2031 868 2053 c
884 2024 955 2052 enim
972 2024 1068 2052 horum
1090 2023 1267 2052 certaminum
1289 2030 1384 2052 natura
1400 2031 1456 2062 est,
1476 2031 1506 2053 ut
1524 2025 1604 2054 etiam

883 2077 944 2098 ante
956 2069 1067 2109 praemia
1082 2069 1108 2097 in
1121 2069 1178 2107 ipsa
1195 2080 1301 2107 quoquc
1316 2080 1395 2098 arena
1411 2081 1487 2099 suam
1503 2082 1604 2100 merce-

884 2115 946 2144 dem
966 2115 1080 2144 habeant
1093 2137 1101 2151 ,
1121 2114 1252 2143 nimirum
1271 2115 1449 2154 voluptatem,
1470 2127 1522 2154 qua
1535 2127 1606 2145 nunc

884 2161 989 2198 frueris,
997 2161 1080 2189 animi
1088 2160 1220 2195 taetitiam,
1231 2160 1424 2198 fortitudinem,
1433 2162 1604 2201 patientiam:

886 2207 1009 2245 illudque
1017 2207 1080 2235 item
1088 2229 1096 2244 ⁷
1104 2206 1178 2244 quod
1186 2206 1333 2246 expugnari
1341 2213 1422 2245 atque
1437 2208 1553 2247 opprimi
1562 2219 1607 2237 ne<

885 2264 964 2292 queas
977 2275 985 2290 ,
996 2252 1069 2291 quod
1081 2252 1207 2282 omnibns
1222 2252 1301 2281 rebus
1311 2253 1454 2282 sublimior
1466 2254 1501 2282 sis
1511 2277 1518 2290 ‚
1533 2254 1605 2293 quod

885 2299 923 2328 sic
938 2299 1050 2338 teipsam
1062 2298 1228 2335 exercueris,
1241 2305 1272 2327 ut
1287 2298 1357 2327 nihil
1370 2299 1419 2328 tibi
1441 2300 1605 2329 incommodi

886 2357 900 2374 a
912 2355 1046 2384 quoquam
1056 2344 1153 2373 inferre
1164 2344 1260 2384 possit,
1273 2344 1345 2382 quod
1356 2352 1447 2374 exorta
1460 2352 1512 2374 tam
1526 2346 1605 2385 gravi

887 2390 1078 2430 tempestatem
1088 2396 1162 2429 petra
1172 2390 1311 2426 consistas,
1325 2390 1397 2428 quod
1409 2390 1523 2428 deniqne
1537 2392 1603 2419 mari

887 2439 990 2466 furente
1000 2447 1095 2476 magna
1109 2447 1169 2465 cum
1181 2436 1375 2474 tranquillitate
1386 2437 1533 2465 secundum
1546 2448 1605 2465 cur-

887 2495 946 2513 sum
963 2490 1059 2512 teneas.
1071 2483 1135 2512 Haee
1151 2482 1232 2511 etiam
1250 2488 1311 2510 ante
1328 2481 1454 2510 cmlorum
1469 2492 1581 2520 regnum
1596 2505 1602 2518 ‚

1621 428 1705 448 Aliam.
1722 428 1758 448 7,(ἶ.

1619 459 1656 488 Κμ.
