1843 2810
76 1158 162 1179 Cucuso
182 1165 218 1178 an-

78 1196 105 1210 nu
118 1187 171 1218 404,

90 2114 175 2133 (Ζυι-ιιεο
193 2120 232 2133 au-

91 2151 118 2164 no
133 2142 186 2173 ⁴⁰4·

535 178 561 200 S.

221 168 288 214 788

218 242 315 280 exigua
325 239 391 269 mihi
403 247 490 270 tecum
502 240 645 278 aliquando
659 238 809 268 Antiochiae
820 247 929 267 consue-

219 287 286 316 tudo
308 287 399 324 fuerit,
414 285 632 315 reverendissime
647 295 677 313 ac
698 283 873 322 religiossime
893 282 930 310 mi

218 333 337 369 domine,
355 339 441 360 tamen
453 332 546 370 ingens
559 330 666 369 pietatis
677 336 728 357 tuae
740 339 770 356 ac
784 327 931 367 prudentiae

219 379 409 407 documentum
418 377 486 416 cepi.
495 377 555 411 Quo
562 374 672 413 quidem
687 385 720 402 ex
728 380 855 413 tempore,
864 380 932 401 tam-

220 424 270 452 etsi
291 424 381 462 longo,
401 422 537 451 ardentem
553 430 658 458 semper
671 429 734 457 erga
755 426 780 447 te
795 418 933 447 caritatem

220 469 329 505 retinui,
341 479 371 497 ae
382 467 493 507 perinde
504 473 582 504 atque
591 466 612 494 si
626 465 683 494 heri
694 465 835 494 dumtaxat
847 471 871 492 et
883 474 933 492 nu-

220 514 376 543 diustertius
397 520 422 541 te
443 512 583 548 vidissem,
609 513 646 539 ita
668 510 836 550 praesentiam
859 516 933 537 tuam

222 561 361 599 imaginor.
374 557 540 596 Proindeque
553 564 578 585 et
591 557 689 591 scribo,
704 563 729 585 et
744 563 769 585 te
782 556 846 584 item
860 566 933 593 rogo,

222 613 251 635 ut
260 605 341 634 nostri
350 604 504 632 memoriam
514 603 624 631 minime
634 602 802 631 intermittas.
810 602 840 630 ln
849 602 935 630 Cucu-

222 663 290 687 sum,
302 651 353 678 hoc
368 657 407 677 est
419 649 445 677 in
459 649 548 677 locum
563 648 644 676 totius
658 648 742 676 nostri
756 647 828 676 orbis
842 647 933 675 deser-

223 697 365 731 tissimum7
373 694 483 723 abducti
493 704 631 729 sumus,ac
640 693 753 731 singulis
764 703 831 732 pene
842 692 936 720 diebus

222 743 376 771 Isaurorum
398 739 594 767 incursionibus
607 738 772 767 obsidemur.
790 737 825 766 Et
840 744 937 773 tamen,

224 795 262 816 tot
283 787 345 815 licet
368 784 545 814 incommodis
569 783 730 820 laborantes,
745 783 766 811 si
782 782 816 811 de
831 783 939 811 caritate

224 840 312 862 vestra
331 831 441 860 minime
455 829 539 858 dubio
555 829 645 857 animo
662 828 754 864 simus,
770 838 869 865 nosque
883 827 939 855 sin—

225 889 312 907 ceram
326 884 441 906 vestram
450 874 660 904 benevolentiam
672 874 791 902 obtinere
802 873 940 912 perspicue

225 925 349 959 sciamus,
358 933 410 951 non
419 922 559 960 vulgarem
569 920 595 948 in
605 920 648 948 his
659 930 766 958 quoque
780 918 939 948 calamitati-

225 970 275 998 bus
288 968 496 998 consolationem
515 966 658 1006 capiemus.

939 236 974 255 65l·

947 264 966 284 A

446 1064 507 1092 CX.
521 1063 614 1091 Basso
622 1064 761 1100 episcopo.

269 1147 344 1183 Quid
365 1157 449 1175 causae
472 1153 521 1181 est,
546 1144 730 1184 quamobrem,
755 1153 815 1171 cum
841 1149 942 1171 tantam

229 1204 292 1232 erga
312 1203 370 1230 nos,
386 1199 412 1220 et
432 1191 562 1231 superiori
579 1197 708 1229 tempore,
725 1196 750 1218 et
765 1199 850 1227 nuper
872 1188 944 1216 Con-

229 1238 402 1278 stantinopoli
414 1238 550 1266 caritatem
562 1247 616 1276 prae
630 1235 763 1270 retuleris,
774 1242 861 1263 tamen
870 1240 944 1272 post-

230 1295 340 1323 eaquam
351 1294 398 1312 nos
409 1283 458 1311 tibi
472 1282 576 1311 vicinos
598 1292 653 1309 esse
669 1280 790 1315 audiisti,
803 1290 834 1308 ne
855 1279 945 1306 literas

230 1330 341 1369 quidem
355 1329 389 1358 ad
404 1340 450 1357 nos
464 1328 529 1356 dare
543 1327 669 1365 dignatus
679 1326 725 1354 es?
740 1327 779 1353 An
795 1324 878 1353 nescis
892 1334 946 1362 quo

231 1387 294 1415 erga
305 1376 429 1415 pietatem
442 1381 516 1403 tuam
526 1373 614 1402 auimo
626 1372 721 1409 simus,
733 1377 758 1399 et
769 1370 868 1408 quibus
879 1369 947 1397 ami—

233 1422 302 1450 citi-'n
327 1420 444 1450 vinculis
467 1427 554 1447 tecum
576 1417 717 1446 devincti?
733 1415 867 1454 Equidem
891 1415 948 1453 ipse

234 1478 308 1507 spem
324 1467 455 1495 habebam
470 1465 535 1499 sore,
554 1471 583 1492 ut
600 1470 625 1491 et
646 1463 702 1502 ipse
723 1462 777 1490 huc
793 1461 906 1494 venires,
923 1466 948 1488 et

235 1514 312 1542 uobis
327 1513 353 1541 in
372 1518 445 1540 tanta
460 1510 606 1539 solitudine
622 1509 714 1548 positis
728 1507 852 1536 solatium
866 1506 948 1534 adhi—

235 1560 320 1588 beres.
339 1557 414 1594 Quid
430 1557 500 1585 enim
515 1557 620 1584 Cucuso
644 1554 776 1582 desertius
790 1563 846 1581 esse
860 1558 949 1590 queat,

235 1615 293 1643 quae
308 1610 402 1643 praeter
417 1601 589 1631 solitudinem
602 1601 756 1629 Isaurorum
769 1598 848 1626 etiam
862 1597 950 1625 ineur-

236 1650 356 1678 sionibus
378 1647 535 1677 obsidetur?
552 1645 633 1682 Quod
656 1645 678 1674 si
698 1645 749 1672 hoc
766 1651 823 1671 tum
841 1649 951 1682 propter

236 1696 371 1723 latronum
381 1701 491 1728 metum,
502 1700 560 1720 tum
572 1698 680 1730 propter
690 1690 740 1719 viae
751 1688 950 1724 difficultatem,

237 1740 401 1769 laboriosum
415 1739 465 1767 tibi
486 1748 516 1766 ac
531 1737 672 1766 molestum
687 1746 743 1764 esse
756 1733 880 1769 videtur,
895 1733 951 1762 sal-

237 1793 290 1814 tem
305 1786 339 1814 ad
355 1796 402 1814 nos
417 1785 543 1820 scribere,
565 1794 596 1811 ac
610 1783 643 1811 de
658 1789 704 1810 tua
723 1780 876 1809 valetudiue
896 1790 952 1808 eer-

238 1833 318 1860 tiores
339 1842 386 1860 nos
406 1832 492 1859 facere
511 1840 543 1858 ne
566 1828 763 1867 graveris:quo
778 1827 839 1854 licet
861 1826 887 1854 in
909 1837 955 1854 ex-

239 1885 312 1906 terna
323 1885 391 1906 terra
397 1876 530 1916 degentes,
539 1876 670 1914 ingentem
678 1873 742 1902 bine
749 1872 956 1902 consolationem

239 1934 385 1962 rapiamus.

332 2018 412 2046 CXI.
430 2017 576 2046 Anatolio
598 2018 728 2055 episcopo
741 2014 867 2044 Adanoe.

284 2105 353 2132 Cum
366 2103 499 2132 ardentem
512 2110 590 2131 tuum
603 2112 665 2141 erga
684 2112 727 2130 me
741 2112 867 2138 amorem,
876 2100 958 2140 idque

243 2150 278 2179 de
293 2150 359 2178 facie
374 2149 483 2177 minime
499 2155 599 2183 notum,
616 2158 651 2176 cx
667 2147 816 2176 multorum
838 2157 958 2175 sermone

243 2196 413 2235 accepissem,
422 2195 545 2232 equidem
556 2201 643 2223 tecum
658 2204 762 2232 quoque
774 2193 899 2231 congredi
913 2203 958 2221 eu-

244 2254 342 2284 perem.
356 2243 490 2277 Quoniam
501 2249 590 2269 autem
600 2241 674 2269 nulla
687 2252 746 2280 spes
760 2241 871 2279 affulget
891 2240 958 2278 fore,

244 2296 274 2317 ut
283 2289 359 2317 nohis
368 2287 396 2316 id
405 2287 494 2323 liceat,
506 2293 631 2324 negatum
640 2296 810 2324 congressum
819 2286 958 2314 literarum

245 2334 380 2372 colloquio
395 2342 544 2372 compenSO,
561 2331 628 2359 mihi
645 2331 841 2370 amplissimum
855 2331 957 2360 benefi-
977 2343 996 2366 Ε

245 2381 317 2408 cium
332 2379 462 2419 praebens.
478 2378 648 2415 Quamquam
669 2377 740 2405 enim
755 2377 892 2415 Cucusus,
907 2389 960 2416 quo

247 2435 317 2455 nunc
329 2425 437 2454 abducti
452 2433 554 2457 sumus,
571 2421 767 2450 desa-tissimus
782 2422 855 2450 locus
870 2430 918 2459 est,
930 2434 960 2451 ac

246 2473 393 2500 multorum
409 2469 588 2510 periculorum
605 2468 709 2507 plenus,
725 2474 907 2507 perpetuaque
920 2469 961 2497 la-

280 2565 288 2576 ε
307 2557 381 2580 Forte
396 2559 482 2582 25:232.
499 2556 526 2579 ln
541 2553 617 2579 San-il.
634 2553 684 2577 lmen:
700 2552 790 2576 mutila
798 2558 863 2577 sunt.

593 177 730 200 JOANNJS
757 175 937 199 CHRYSOST.
967 174 1122 198 ARCHtEP.
1151 176 1417 200 CONSTANTlnoP.

984 248 1047 266 ποτε
1076 238 1262 277 συνεγενόμεθα
1280 240 1305 267 ἐν
1328 239 1481 279 Ἀντιοχείᾳ,
1500 239 1613 268 egomt&
1638 250 1686 277 μου
1710 251 1751 267 τι-

985 282 1102 320 μιώτατε
1118 283 1162 311 καὶ
1177 284 1366 318 stamen-rare,
1381 284 1481 319 πολλὴν
1495 285 1522 313 δέ
1536 296 1581 313 σου
1599 289 1691 323 πεῖραν
1704 287 1752 318 τῆς

985 328 1121 361 εὖλαῧείας
1136 328 1181 356 καὶ
1199 331 1247 363 τῆς
1265 329 1391 362 συνέσεως
1406 330 1554 369 εἰληφότες,
1569 330 1613 358 καὶ
1629 332 1675 364 τῆς
1693 329 1754 366 περὶ

987 375 1057 411 ἡμᾶς
1081 373 1194 412 ἀγάπης.
1222 374 1268 407 Ἐξ
1293 374 1406 410 ἐκείνου,
1429 375 1514 404 καίτοι
1540 376 1638 404 πολλοῦ
1659 373 1754 413 μεταξὺ

986 419 1124 459 γενομένου
1137 424 1182 449 τοῦ
1194 420 1297 459 χρόνου,
1313 421 1360 456 τὴν
1375 421 1434 461 περὶ
1455 421 1483 450 σὲ
1499 422 1602 460 ἀγάπην
1622 421 1755 458 ἀκμάζου-

988 477 1035 494 σαν
1056 466 1239 505 διατηροῧμεν,
1259 466 1303 494 καὶ
1317 468 1351 498 ὡς
1365 467 1425 505 χθὲς
1447 467 1492 495 καὶ
1513 467 1606 506 πρῴην
1620 478 1650 494 σε
1670 467 1755 505 ἑωρα-

988 510 1077 545 κότες,
1096 510 1177 543 οὕτως
1202 523 1246 539 σου
1267 511 1447 550 φανταζόμεθα
1470 511 1517 546 τὴν
1538 511 1692 549 παρουσίαν.
1707 511 1756 539 Διὸ

989 556 1033 584 καὶ
1062 556 1264 594 ἐπιστέλλομεν,
1294 556 1338 585 καὶ
1370 558 1572 596 παρακαλοῦμεν
1607 559 1754 594 μεμνῆσθαι

989 604 1065 639 ἡμῶν
1087 602 1220 636 διηνεκῶς.
1246 602 1414 641 Ἀπήχθημεν
1442 604 1479 635 εἷς
1502 602 1598 642 χωρίον
1625 605 1671 637 τῆς
1696 603 1753 630 καθ’

990 650 1060 684 ἡμᾶς
1082 647 1236 685 οἰκουμένης
1261 648 1435 686 ἐρημότατον,
1458 648 1504 683 τὴν
1529 648 1693 683 Κουκουσὸν,
1711 647 1756 676 καὶ

991 694 1048 720 καθ’
1063 693 1178 726 ἑκάστην
1195 694 1287 732 σχεδὸν
1303 693 1351 728 τὴν
1364 694 1464 732 ἡμέραν
1479 694 1529 722 ὕπὸ
1542 696 1589 728 τῆς
1603 696 1654 722 τῶν
1668 693 1756 722 ’lead-

993 750 1043 777 ρων
1067 739 1275 777 πολιορκούμεθα
1293 739 1393 778 ἐφόδου.
1409 739 1477 768 Ἀλλ’
1499 739 1585 777 ὅμως,
1604 738 1648 768 καὶ
1668 739 1695 767 ἐν
1718 750 1758 768 το·

993 784 1100 817 σαύταις
1115 785 1186 817 ὄντες
1206 785 1399 823 περιστάσεσιν,
1418 785 1450 819 ἢν
1473 787 1610 824 θαρρῶμεν
1632 785 1692 824 περὶ
1713 786 1759 819 τῆς

993 830 1098 868 ἀγάπης
1112 832 1158 865 τῆς
1170 830 1311 870 ὑμετέρας,
1335 831 1379 859 καὶ
1401 831 1497 869 ἴδωμεν
1519 833 1620 870 σαφῶς,
1642 831 1681 859 ὅτι
1695 843 1759 869 γνη-

994 874 1051 907 σίας
1064 875 1227 913 ἀπολαύομεν
1245 876 1392 910 διαθέσεως,
1405 879 1433 905 οὐ
1453 877 1500 912 τὴν
1514 881 1643 915 τυχοῦσαν
1666 876 1710 905 καὶ
1732 877 1758 904 ἐν

993 925 1050 953 ταῖς
1064 920 1167 959 θλίψεσι
1181 921 1287 954 ταύταις
1304 922 1497 960 καρπωσόμεθα
1516 922 1563 957 τὴν
1584 923 1759 962 παράκλησιν.

1222 1053 1264 1092 ρι’.
1282 1055 1379 1094 Βάσσῳ
1390 1056 1532 1096 ἐπισκόπῳ.

1037 1138 1072 1166 Τί
1087 1141 1178 1174 τοῦτο;
1190 1139 1224 1169 Ὁ
1235 1140 1364 1176 τοσαύτην
1378 1141 1438 1180 περὶ
1458 1144 1528 1179 ἡμᾶς
1546 1143 1651 1181 ἀγάπην
1667 1144 1763 1172 ἐπιδεια

998 1183 1119 1221 ξάμενος,
1136 1185 1181 1214 καὶ
1200 1187 1226 1214 ἐν
1247 1188 1284 1225 τῷ
1304 1186 1449 1226 ἔμπροσθεν
1468 1187 1567 1228 χρόνῳ,
1592 1189 1636 1216 καὶ
1656 1188 1764 1228 ἔναγγος

998 1230 1024 1278 ἐν
1051 1231 1341 1266 Κωνσταντινουπόλει,
1366 1233 1478 1266 ἀκούσας
1501 1236 1572 1271 ἡμᾶς
1590 1235 1620 1262 ἔκ
1642 1223 1763 1273 γειτόνων

999 1279 1065 1305 εἶναι
1091 1279 1137 1312 τῆς
1162 1280 1210 1312 σ-’ῆς
1232 1278 1397 1316 τιμιότητος,
1426 1279 1482 1308 οὐδὲ
1506 1279 1670 1318 γραμμάτων
1695 1283 1765 1318 ἡμᾶς

1000 1322 1121 1357 ἠξίωσας.
1143 1324 1202 1351 Οὐκ
1222 1319 1286 1352 οἶσθ’
1305 1323 1375 1356 ὅπως
1397 1324 1550 1362 διακείμεθά
1568 1337 1613 1354 σου
1635 1325 1695 1364 περὶ
1717 1326 1764 1360 τὴν

1001 1367 1152 1402 εὐλάὸειαν,
1166 1369 1211 1396 καὶ
1227 1369 1297 1401 ὅπως
1314 1370 1488 1407 συνδεδέμεθά
1507 1381 1547 1399 σοι
1564 1372 1601 1408 τῷ
1617 1373 1664 1406 τῆς
1679 1372 1767 1410 φιλίας

1002 1413 1105 1452 δεσμῷ;
1120 1413 1191 1451 Ἐγὼ
1208 1413 1254 1451 μὲν
1268 1414 1319 1453 γὰρ
1333 1415 1498 1453 προσεδόκων
1523 1428 1552 1444 σε
1570 1416 1616 1444 καὶ
1634 1415 1704 1450 ἥξειν
1727 1418 1766 1444 ἕν-

1001 1461 1099 1494 ταῦῡα,
1120 1460 1164 1488 καὶ
1181 1460 1373 1498 παρακαλέσειν
1394 1464 1464 1498 ἡμᾶς
1485 1462 1511 1489 ἐν
1533 1462 1630 1502 ἐρημία
1652 1463 1766 1500 τοσαύτῃ

1003 1506 1178 1537 καθεστῶτας.
1194 1506 1229 1534 Τί
1242 1505 1292 1545 γὰρ
1308 1506 1338 1534 ἂν
1359 1506 1459 1544 γένοιτο
1477 1507 1633 1546 ἐρημότερον
1652 1508 1771 1536 Κουκου-

1004 1554 1049 1579 σοῦ
1059 1573 1065 1585 ,
1085 1551 1152 1588 μετὰ
1170 1552 1217 1585 τῆς
1232 1551 1341 1590 ἐρημίας
1353 1574 1360 1587 ,
1381 1551 1426 1580 καὶ
1440 1552 1491 1580 ὑπὸ
1509 1554 1556 1588 τῆς
1576 1555 1628 1580 τῶν
1643 1552 1769 1592 Ἰσαύρων

1004 1596 1225 1636 πολιορκουμένης
1238 1597 1330 1635 ἐφόδου
1341 1609 1348 1631 ;
1363 1597 1430 1626 Ἀλλ’
1443 1597 1523 1635 ὅμως,
1537 1599 1559 1626 εἰ
1577 1601 1650 1626 τοῦτο
1661 1599 1771 1637 ἐργῶδες

1005 1642 1048 1670 διά
1060 1653 1087 1670 τε
1104 1643 1189 1670 αὐτῶν
1204 1644 1255 1670 τῶν
1269 1644 1372 1682 λῃστῶν
1393 1643 1436 1671 τὸν
1451 1642 1544 1682 φόὸον,
1560 1643 1603 1672 διά
1614 1655 1643 1672 τε
1653 1645 1699 1678 τῆς
1712 1644 1770 1672 ὁδοῦ

1005 1687 1053 1722 τὴν
1078 1688 1232 1723 δυσκολίαν,
1256 1689 1364 1727 γράφειν
1383 1691 1447 1726 ἡμῖν
1468 1689 1504 1726 μὴ
1523 1689 1658 1726 κατόκνει,
1673 1689 1719 1717 καὶ
1739 1688 1772 1717 τὰ

1006 1732 1066 1770 περὶ
1090 1735 1136 1768 τῆς
1157 1734 1245 1771 ὑγείας
1265 1736 1311 1767 τῆς
1332 1735 1379 1767 σῆς
1402 1734 1626 1771 εὐαγγελίζεσθαι,
1649 1734 1708 1770 ἵνα,
1728 1734 1773 1762 καὶ

1008 1780 1034 1807 ἐν
1051 1779 1175 1818 ἀλλοτρίᾳ
1187 1779 1372 1818 διατρίίοντες,
1388 1779 1487 1814 πολλὴν
1500 1780 1614 1808 ἐντεῦθεν
1627 1779 1776 1819 καρπωσώ-

1010 1827 1076 1862 μεθα
1088 1824 1135 1859 τὴν
1149 1824 1325 1864 παράκλησιν.

1147 2011 1206 2048 ρια’.
1219 2010 1357 2049 Ἀνατολίῳ
1373 2010 1507 2050 ἐπισκόπῳ
1520 2009 1634 2046 Ἀδάνης.

1051 2101 1123 2141 Ἐγὼ
1144 2102 1191 2140 μὲν
1215 2102 1259 2131 καὶ
1279 2101 1446 2140 συγγενέσθαι
1459 2101 1602 2139 ἐπεθύμουν
1619 2113 1664 2130 σου
1684 2103 1717 2140 τῇ
1733 2113 1776 2130 τι-

1013 2149 1133 2188 μιότητι,
1145 2147 1217 2187 παρὰ
1237 2149 1340 2176 πολλῶν
1354 2147 1454 2176 ἀκούων
1467 2147 1510 2176 τὸν
1526 2147 1620 2186 θερμὸν
1634 2147 1718 2186 ἔρωτι-α
1727 2170 1734 2183 ,
1749 2146 1776 2175 ὃν

1013 2195 1072 2234 περὶ
1091 2197 1161 2232 ἡμᾶς
1176 2194 1261 2232 ἔχεις,
1279 2193 1420 2222 καὶταῦτα
1439 2192 1476 2230 μὴ
1499 2192 1684 2230 συγγενόμενος
1703 2194 1777 2231 ἡμῖν.

1013 2239 1124 2274 Ἐπειδὴ
1143 2239 1170 2268 δὲ
1191 2241 1267 2268 τοῦτο
1284 2238 1349 2271 τέως
1369 2240 1415 2267 οὔκ
1436 2237 1488 2274 ἔνι,
1511 2239 1542 2267 τὸ
1569 2240 1616 2273 τῆς
1645 2237 1779 2270 συνουσίας

1014 2289 1025 2301 ‘²¹
1034 2285 1107 2317 ἐλπὶς
1120 2284 1254 2323 γενέσθαι,
1270 2284 1420 2323 διορθοῦμαι
1433 2285 1466 2322 τῇ
1478 2285 1529 2312 τῶν
1542 2282 1706 2322 γραμμάτων
1718 2285 1778 2320 ὁμι-

1014 2332 1072 2372 λία,
1096 2331 1174 2371 χάριν
1197 2332 1280 2369 ἑαυτῷ
1305 2329 1427 2368 παρέχων
1451 2328 1586 2367 μεγίστην.
1607 2329 1641 2357 Εἰ
1662 2327 1713 2367 γὰρ
1737 2328 1782 2356 καὶ

990 2407 995 2411 ,
1015 2377 1176 2416 ἐρημότατον
1191 2375 1287 2415 χωρίον
1299 2397 1306 2411 ,
1324 2376 1360 2406 εἷς
1373 2375 1386 2402 ὃ
1402 2376 1445 2402 νῦν
1465 2373 1667 2413 ἀπηνέχθημεν,
1680 2375 1696 2407 ἡ
1712 2374 1782 2402 Κου-

1016 2422 1123 2458 κουσὸς,
1139 2422 1184 2450 καὶ
1198 2420 1322 2450 κινδύνων
1337 2419 1416 2458 γέμον
1437 2420 1542 2447 πολλῶν
1552 2442 1559 2455 ,
1574 2419 1619 2447 καὶ
1633 2419 1707 2457 φόὸῳ
1721 2418 1781 2452 διη-

1016 2473 1084 2497 νεκεῑ
1096 2470 1146 2497 τῶν
1161 2468 1264 2506 λῃστῶν
1280 2465 1511 2505 πολιορκούμενον,
1525 2466 1582 2494 ἀλλ’
1599 2463 1671 2493 οὐδὲν
1684 2463 1782 2492 τούτων
