1840 2839
471 179 538 202 CUM
566 179 773 202 sA't'uuMNUS
800 181 840 203 ΕΤ

76 243 202 274 σπεύδων.
217 242 308 276 Κοινὸς
321 243 371 282 γάρ
385 243 440 280 εἰμι
449 241 554 271 πάντων
567 242 667 281 πατὴρ,
683 243 728 271 καὶ
740 244 768 272 οὐ
782 245 833 271 τῶν

76 290 196 319 ἑστώτων
214 289 300 328 μόνον,
314 289 381 318 ἀλλὰ
402 289 446 317 καὶ
466 291 517 318 τῶν
536 290 713 318 πεπτωκότων
728 290 834 329 φροντί-

76 338 127 370 ζειν
143 339 297 375 ἀναγκαῖον’
313 335 372 375 οὐχὶ
389 337 440 363 τῶν
456 334 570 373 ἑξουρίας
590 336 750 374 φερομέναν),
768 336 836 365 ἀλλὰ

75 382 120 410 καὶ
130 384 180 411 τῶν
191 381 417 419 κλυδιιΝιζομένων
427 392 432 398 ·
447 381 504 419 οὐχὶ
512 383 562 409 τῶν
574 383 600 410 ἐν
612 382 741 421 ἀσφαλείᾳ
750 405 756 416 ,
769 382 836 410 ἀλλὰ

75 428 119 456 καὶ
134 430 184 456 τῶν
207 429 233 456 ἐν
252 427 388 460 κινδύνοις.
401 426 452 455 Διὰ
467 427 498 462 δὴ
517 430 600 455 ταῦτα
614 428 656 456 τὀν
673 429 836 466 παρελθόντα

75 473 233 512 ἀπελείφθην
245 473 330 505 ἐνδοὺς
342 473 433 512 χρόνον
448 472 566 512 περιιὼν,
578 475 739 514 παρακαλῶν
750 497 757 509 ,
777 475 835 503 δεό-

74 530 150 557 μενος
161 541 168 554 ,
184 518 306 548 ἱκετεύων
320 524 373 551 τοῖς
393 518 490 558 κυρίοις
504 520 613 554 λυθῆναι
629 519 676 555 τὴν
688 521 834 560 συμφοράν.

75 565 127 594 Καὶ
140 565 229 601 ἐπειδὴ
243 565 316 598 τέλος
331 565 424 594 ἔλαδεν
440 566 525 593 ἐκεῖνα
539 565 571 594 τὰ
583 565 725 605 σκυθρωπὰ
736 589 742 601 ,
757 567 836 595 πάλιν

73 610 137 649 πρὸς
151 614 218 649 ὑμᾶς
240 612 385 646 ἐπανῆλθον
401 609 458 643 τοὺς
473 612 499 639 ἐν
521 611 651 650 ἀσφαλείᾳ
675 612 766 648 ὄντας,
778 612 836 645 τοὺς

75 656 142 694 μετὰ
159 658 259 692 πολλῆς
283 657 409 689 πλέοντας
433 658 480 691 τῆς
493 657 616 695 γαλήνης.
639 658 708 696 Πρὸς
725 658 835 691 ἐκείνους

74 702 206 742 ἀφικόμην
221 703 289 732 ὥστε
302 704 378 732 λ’ὔσαι
398 702 440 731 τὸν
456 705 574 742 χειμῶνα
586 715 592 721 ·
607 703 670 744 πρὸς
687 706 753 742 ὑμᾶς
769 706 835 732 ἑπα-

74 749 176 785 νῆλθον,
194 749 262 778 ὥστε
285 749 322 787 μὴ
337 748 455 788 γενέσθαι
478 751 607 787 χειμῶνα.
634 750 704 789 Πρὸς
724 750 836 782 ἐκείνους

75 795 179 834 ἀπῄειν,
200 795 242 824 ἵνα
266 795 408 828 ἀπαλλάξω
434 795 485 822 τῶν
512 795 636 835 λυπηρῶν
646 807 652 812 ·
677 796 741 835 πρὸς
768 799 835 835 ὑμᾶς

74 841 266 882 παρεγενόμην,
286 841 327 870 ἵνα
350 840 386 880 μὴ
408 841 567 879 περιπέσητε
590 846 644 875 τοῖς
664 845 834 882 σκυθρωποῖς.

75 887 177 926 εὨσπερ
190 888 249 927 οὐχὶ
262 890 311 916 τῶν
327 887 446 917 ἑστώτων
459 889 496 916 δεῖ
508 888 651 927 φροντίζειν
667 889 754 927 μόνον,
768 891 835 920 ἀλλὰ

73 934 117 963 καὶ
131 937 182 963 τῶν
195 934 387 964 πεπτωκότων’
404 934 471 963 οὕτω
491 935 571 963 πάλιν
587 936 646 975 οὐχὶ
660 938 711 964 τῶν
726 948 835 966 πεπτω-

73 980 156 1009 κότων
170 980 257 1018 μόνον,
272 980 339 1010 ἀλλὰ
359 981 404 1009 καὶ
418 982 470 1009 τῶν
496 980 616 1010 ἑστώτων
629 993 635 999 ·
653 981 757 1011 ἐκείνων
778 983 835 1022 μὲν,

73 1025 115 1054 ’ἵνα
139 1027 296 1062 ἀναστῶσιν,
312 1027 410 1055 τούτων
436 1027 478 1063 δὲ,
493 1026 535 1055 ἵνα
557 1028 755 1058 καταπέσωσιν·
769 1031 835 1058 ε’κεί-

73 1083 123 1100 νων
141 1072 198 1111 μὲν,
219 1072 261 1101 ἵνα
278 1074 453 1111 ἀπαλλαγῶσι
469 1075 520 1102 τῶν
546 1074 710 1114 κατεχόντων
734 1077 835 1113 δεινῶν,

74 1118 172 1147 τούτων
191 1119 218 1148 δὲ
237 1118 279 1148 ἰ’να
299 1119 335 1157 μὴ
351 1119 515 1159 περιπέσωσι
538 1125 591 1153 τοῖς
610 1122 836 1161 προσδοκωμένοις

72 1165 207 1204 λυπηροῖς.
221 1165 305 1194 Οὐδὲν
327 1165 378 1206 γὰρ
401 1166 515 1204 βέὸαιον,
538 1166 611 1195 οὐδὲν
637 1168 758 1204 ἀκίνητον
784 1172 835 1199 τῶν

73 1211 241 1250 ἀνθρωπίνων
265 1212 439 1252 πραγμάτων,
465 1212 532 1241 ἀλλὰ
557 1219 678 1251 μιμεῖται
703 1216 836 1245 θάλασσαν

72 1257 241 1295 μαινομένην,
256 1259 300 1286 καὶ
311 1260 370 1287 καθ’
384 1259 496 1295 ἑκάστην
506 1259 608 1300 ἡμέραν
624 1261 710 1290 ὠδίνει
723 1264 836 1302 ναυάγια

76 1302 135 1336 ξένα
152 1303 198 1332 καὶ
222 1305 337 1343 χαλεπά.
353 1305 447 1334 Πάντα
464 1306 579 1346 θορύὸων
591 1307 668 1346 γέμει
688 1308 732 1337 καὶ
753 1321 837 1349 ταρα-

71 1349 122 1387 χῆς
131 1360 137 1366 ’
150 1349 236 1378 πάντα
252 1349 376 1379 σκόπελοι
387 1351 432 1379 καὶ
446 1352 574 1390 κρημνοί·
589 1353 676 1382 πάντα
690 1353 782 1392 ὕφαλοι
792 1357 835 1384 καὶ

72 1395 210 1428 σπιλάδες·
224 1396 312 1424 πάντα
325 1396 413 1436 φόὸοι,
429 1398 474 1426 καὶ
495 1398 624 1435 κίνδυνοι,
643 1400 687 1428 καὶ
705 1402 816 1441 ὑποψίαι
827 1427 834 1440 ‚

71 1440 118 1469 καὶ
130 1440 237 1480 τρόμοι,
253 1442 298 1470 καὶ
311 1443 431 1482 ἀγωνίαι.
444 1445 539 1477 Οὐδεὶς
563 1446 646 1475 οὐδενὶ
671 1449 776 1487 θαῤῥεῐ,
790 1450 834 1478 τὸν

71 1487 183 1522 πλησίον
195 1487 304 1521 ἕκαστος
316 1489 438 1519 δέδοικεν.
452 1490 567 1525 Ἐκεῖνος
579 1492 704 1532 πάρεστιν
717 1497 730 1523 ὁ
744 1497 834 1535 καιρὸς

72 1533 158 1572 τάχα,
170 1534 197 1563 ὃν
212 1537 225 1563 ὁ
237 1535 372 1574 προφήτης
386 1537 543 1576 ὑπογράφων
558 1537 644 1578 ἔλεγε·
660 1540 706 1576 Μὴ
716 1542 833 1571 πιστεύε-

73 1591 102 1607 τε
111 1579 137 1607 ἐν
152 1579 249 1619 φίλοις,
262 1581 306 1610 καὶ
315 1582 358 1611 ἐπὶ
366 1583 520 1621 ἡγουμένοις
533 1583 570 1622 μὴ
582 1585 714 1619 ἐλπίζετε·
724 1587 834 1622 ἕκαστος

70 1626 123 1654 ἀπὸ
140 1629 185 1655 τοῦ
199 1627 310 1662 πλησίον
334 1629 456 1668 ἀφέξεσθε
466 1643 472 1649 ·
486 1630 549 1659 Ἀπὸ
569 1633 616 1666 τ’ῆς
637 1633 772 1670 συγκοίτου
787 1647 832 1664 σου

71 1671 180 1711 φύλαξον
194 1672 262 1702 ι’τοῦ
272 1674 411 1704 ἀναθέσθαι
429 1677 506 1715 αὐτῇ.
520 1676 555 1706 Τί
572 1677 681 1713 δήποτε;
697 1679 759 1709 “Ori
775 1693 833 1710 και-

73 1719 113 1757 ρὸς
129 1719 240 1760 πονηρός
254 1721 334 1757 ἐστιν,
351 1720 414 1750 “O-rt
428 1727 479 1755 πᾶς
495 1723 604 1763 ἀδελφὸς
626 1724 726 1765 πτέρνῃ
749 1739 831 1766 πτερ-

71 1768 121 1792 νιεῐ
130 1786 137 1799 ,
151 1765 196 1794 καὶ
206 1771 256 1799 πᾶς
269 1766 342 1806 φίλος
356 1768 448 1801 δολίως
463 1770 613 1808 πορεύεται.
626 1772 684 1800 Οὔκ
695 1771 750 1801 ἔστι
761 1774 834 1812 φίλος

71 1810 204 1849 ἀσφαλὴς,
227 1813 274 1842 οὔκ
299 1814 408 1854 ἀδελφὸς
433 1815 547 1854 βέὸαιος.
571 1817 711 1856 Ἀνῄρηται
735 1820 764 1848 τὸ
787 1823 833 1856 τῆς

72 1902 209 1942 ἐμφύλιος,
226 1905 271 1934 καὶ
285 1906 343 1935 οὔτε
363 1902 435 1941 οὗτος
451 1909 542 1944 δῆλος,
562 1910 629 1939 ἀλλὰ
644 1914 833 1951 συνεσκιασμέ-

71 1961 122 1982 νος.
137 1950 227 1989 Μυρία
248 1956 384 1991 πανταχοῦ
398 1959 563 1992 προσωπεῖα.
587 1956 690 1984 Πολλαὶ
703 1959 755 1986 τῶν
769 1971 834 1999 προ-

72 1995 158 2024 ὅάτων
177 1998 203 2024 αἱ
219 1997 307 2035 δοραὶ,
326 1999 499 2038 ἀναρίθμητοι
513 2005 648 2040 πανταχοῦ
660 2005 836 2043 κεκρυμμένοι

72 2040 144 2070 λύκοι
157 2053 162 2059 -
177 2041 221 2070 καὶ
235 2043 427 2083 ἀσφαλέστερον
443 2046 474 2074 ἄν
485 2058 524 2079 τις
539 2049 564 2075 ἐν
584 2048 719 2086 πολεμίοις
734 2051 833 2087 μᾶλλον

73 2085 231 2123 βιώσειεν,ἢ
254 2089 279 2116 ἐν
303 2093 356 2120 τοῖς
382 2089 500 2119 δοκοῦσιν
517 2086 583 2120 εἶναι
599 2092 691 2130 φίλοις.
716 2095 752 2122 Οἱ
774 2095 835 2134 χθὲς

72 2132 271 2170 θεραπεύοντες,
294 2135 318 2162 οἱ
339 2136 538 2172 κολακεύοντες,
564 2139 586 2166 οἱ
610 2143 699 2177 χεῖρας
721 2152 834 2180 καταφι-

72 2179 188 2215 λοῦντες,
212 2180 303 2219 ἀθρόον
330 2184 373 2209 νῦν
394 2182 516 2220 πολέμιοι
541 2185 716 2224 ἀνεφάνησαν,
738 2187 783 2215 καὶ
801 2188 834 2216 τὰ

71 2229 225 2262 προσωπεῖα
244 2226 379 2266 ῥίψαντες,
402 2229 557 2268 κατηγόρων
572 2230 695 2259 ἁπάντων
709 2232 834 2272 πικρότ-

73 2281 112 2307 ροι
126 2270 271 2309 γεγόνασιν,
291 2272 356 2313 ὑπὲρ
373 2268 408 2302 ὧν
429 2274 520 2314 πρῴην
541 2275 651 2315 χάριτας
672 2278 832 2317 ὡμολόγουν,

72 2315 137 2356 ὑπὲρ
151 2316 247 2346 τούτων
261 2320 431 2357 ἐγκαλοῦντες
449 2320 495 2349 καὶ
510 2322 703 2356 διαόάλλοντες.

868 181 986 203 Aulum
998 181 1090 213 turs,
1122 181 1194 203 ι-’.ἰ-(ῑ.
1531 174 1599 217 483

887 250 912 271 et
931 243 957 271 in
972 244 1148 282 tranquillum
1163 251 1282 284 porrecta
1303 256 1382 273 mauu
1404 246 1530 275 reducere
1544 254 1600 275 stu-

889 289 962 318 dens.
975 290 1040 318 Sum
1055 290 1124 319 enim
1136 291 1284 319 communis
1293 291 1413 320 omnium
1425 299 1507 330 pater,
1519 304 1604 331 eoque

854 344 870 365 B
891 347 992 364 necesse
1008 343 1045 364 cst
1066 347 1157 365 curam
1172 347 1249 375 agere
1266 348 1317 365 nou
1334 344 1436 365 tautum
1452 349 1543 366 eorum
1557 339 1603 377 qui

890 389 969 415 stant,
985 381 1029 410 sed
1044 393 1137 411 eorum
1152 393 1257 421 quoque
1273 383 1318 421 qui
1333 384 1443 423 collapsi
1457 392 1536 413 sunt:
1552 396 1602 413 nou

891 429 999 457 illorum
1015 436 1116 457 tautum
1128 451 1137 467 ,
1154 429 1199 467 qui
1216 429 1339 458 secundis
1361 430 1487 467 navigant
1504 432 1599 461 ventis.

890 475 934 503 sed
957 481 981 503 et
1003 474 1110 502 illorum
1133 475 1178 513 qui
1205 481 1358 514 tempestate
1379 477 1534 515 jactantur:
1552 488 1603 505 nou

889 531 980 548 eorum
998 519 1076 548 modo
1091 520 1136 557 qui
1154 520 1179 548 in
1198 526 1254 547 tuto
1268 527 1338 557 sunt,
1351 522 1525 550 verumetiam
1540 522 1602 550 illo—

890 578 949 595 rum
961 567 1005 606 qui
1023 567 1216 605 periclitantur.
1230 566 1330 595 Harum
1343 578 1404 595 saue
1417 578 1504 596 rerum
1517 569 1602 605 gratia

890 614 987 651 reliqui
1004 624 1049 641 vos
1071 613 1105 642 ad
1124 613 1251 652 temporis
1265 614 1399 652 spatium,
1413 614 1601 651 obambulans,

889 660 1043 697 exhortans,
1054 660 1196 695 obtestans,
1208 660 1372 699 supplicans,
1384 668 1411 689 ut
1422 671 1436 688 a
1449 660 1565 689 dominis
1573 672 1602 689 ea

889 706 1025 734 calamitas
1045 707 1230 745 depelleretur.
1247 708 1420 744 Posteaquam
1435 714 1524 735 autem
1545 708 1603 735 ina-

889 752 983 780 moenis
998 751 1051 780 illis
1065 763 1095 780 ac
1110 752 1233 781 tristibus
1256 752 1318 780 linis
1332 760 1371 781 est
1385 753 1537 792 impositus,
1551 753 1599 782 de-

889 809 941 827 nuo
962 809 1004 826 me
1019 798 1053 826 ad
1070 809 1118 826 vos
1142 799 1244 837 recepi,
1263 798 1308 837 qui
1334 799 1360 827 in
1384 806 1440 828 tuto
1465 799 1537 837 estis,
1554 800 1600 838 qui

889 845 972 873 multa
985 855 1044 873 cum
1057 844 1248 882 tranquillitate
1260 845 1401 883 navigatis.
1413 845 1454 873 Ad
1467 845 1527 874 illos
1539 857 1601 885 pro—

887 891 972 919 fectus
989 901 1079 926 eram,
1098 897 1126 918 ut
1141 897 1323 929 tempestatem
1344 891 1462 920 sedarem
1478 903 1483 918 ι
1499 891 1534 920 ad
1554 903 1602 921 vos

889 947 1010 966 reversus
1025 947 1094 971 sum,
1110 947 1141 965 ne
1159 947 1211 975 qua
1233 943 1373 976 tempestas
1393 937 1540 966 exoriatur.
1559 938 1603 966 Ad

889 983 949 1012 illos
958 983 1130 1011 discesseram
1143 989 1170 1011 ut
1182 994 1224 1011 eos
1235 994 1249 1010 a
1261 983 1388 1011 molestiis
1398 983 1553 1012 liberarem:
1567 985 1602 1013 ad

890 1040 936 1058 vos
951 1030 1030 1067 redii,
1043 1040 1076 1058 ne
1088 1029 1114 1058 in
1128 1029 1262 1058 molestias
1277 1029 1409 1058 incidatis.
1422 1030 1602 1064 Quemadmo-

889 1075 954 1104 dum
975 1076 1045 1105 enim
1069 1082 1172 1115 oportet
1197 1075 1295 1104 habere
1311 1086 1419 1111 curam,
1441 1087 1491 1105 non
1511 1088 1601 1105 eorum

890 1122 970 1151 modo
996 1122 1041 1160 qui
1063 1128 1148 1159 stant,
1163 1121 1209 1150 sed
1228 1133 1321 1150 eorum
1343 1133 1447 1160 quoque
1468 1123 1513 1161 qui
1535 1123 1602 1162 lapsi

890 1176 950 1197 sunt
965 1181 970 1195 :
987 1168 1023 1197 ita
1038 1178 1130 1196 rursus
1145 1178 1196 1196 non
1211 1167 1279 1206 lapsi
1296 1175 1397 1196 tantum
1414 1168 1490 1196 nobis
1505 1168 1602 1197 dehent

889 1225 945 1243 esse
958 1225 1043 1251 curae,
1057 1214 1100 1242 sed
1113 1220 1137 1242 et
1152 1220 1248 1242 stantes
1263 1225 1268 1240 :
1287 1213 1338 1249 illi,
1351 1221 1380 1242 ut
1394 1214 1541 1252 erigantur,
1558 1215 1599 1250 hi,

890 1271 921 1289 ne
933 1261 1048 1289 cadant:
1066 1261 1114 1296 illi,
1131 1267 1159 1289 ut
1171 1260 1206 1288 ab
1218 1260 1374 1300 urgentibus
1388 1261 1464 1289 malis
1484 1261 1599 1290 liberen-

851 856 868 879 C

889 1315 946 1343 tur,
962 1308 1006 1344 hi,
1020 1318 1053 1336 ne
1075 1307 1211 1335 incurrant
1231 1307 1258 1335 in
1278 1318 1409 1336 {erumnas
1423 1308 1600 1338 imminentes.

888 1354 965 1382 Nihil
984 1353 1054 1382 enim
1069 1360 1108 1382 est
1125 1353 1151 1381 in
1168 1353 1245 1381 rebus
1262 1353 1386 1381 humanis
1406 1354 1517 1391 stabile,
1532 1355 1601 1383 nihil

887 1400 1085 1435 inconcussum,
1097 1399 1144 1427 sed
1157 1410 1185 1427 ea
1200 1406 1262 1427 sunt
1276 1399 1350 1437 quasi
1367 1410 1439 1428 mare
1453 1401 1599 1435 vesaniens,

887 1446 1008 1485 quotidie
1018 1446 1169 1485 parturiens
1180 1445 1319 1484 naufragia
1331 1447 1461 1485 stupenda
1473 1447 1600 1485 gravissi-

886 1503 990 1530 maque.
1013 1491 1111 1521 Omnia
1127 1491 1292 1520 tumultuum
1312 1502 1342 1520 ac
1360 1492 1499 1521 turbarum
1519 1493 1599 1533 plena

885 1545 960 1575 sunt;
979 1537 1068 1566 omnia
1093 1537 1195 1577 scopuli
1218 1544 1243 1566 et
1258 1538 1423 1578 praecipitia;
1439 1539 1528 1568 omnia
1549 1551 1598 1568 ru·-

884 1595 931 1624 pes
945 1584 995 1613 sub
1008 1584 1084 1622 aquis
1100 1583 1210 1611 latentes
1216 1595 1224 1621 3
1238 1583 1331 1620 *omnia
1352 1591 1478 1621 terrores,
1499 1585 1597 1614 discri-

885 1630 973 1668 mina,
995 1629 1171 1669 suspiciones,
1190 1636 1316 1658 tremores
1330 1637 1355 1658 et
1376 1641 1497 1670 angores.
1514 1633 1598 1660 Nemo

885 1676 1011 1714 cuiquam
1026 1675 1098 1712 fidit,
1113 1686 1127 1703 a
1147 1686 1195 1703 suo
1218 1675 1332 1714 quisque
1353 1677 1478 1716 proximo
1493 1679 1597 1709 metuit.

886 1723 1006 1762 Tempus
1019 1721 1137 1750 fortassis
1158 1721 1228 1749 illud
1242 1721 1268 1750 in
1283 1722 1435 1761 propinquo
1454 1731 1507 1761 est,
1524 1725 1597 1763 quod

885 1768 1015 1808 propheta
1028 1767 1152 1807 depinxit
1164 1767 1206 1795 his
1216 1767 1305 1796 verbis
1316 1780 1322 1795 τ
1333 1769 1528 1808 ll'efiduciam
1541 1772 1596 1799 Ιια-

887 1817 978 1843 beatis
989 1816 1020 1842 in
1032 1816 1144 1849 amicis,
1154 1816 1222 1842 etin
1230 1816 1411 1853 principibus
1423 1817 1512 1845 nolite
1520 1828 1597 1855 spem

851 1359 870 1381 D

72 1856 176 1895 ἀγάπης
200 1858 278 1887 καλόν
291 1870 297 1877 ·
312 1860 435 1899 ἐμφύλιος
456 1861 561 1891 ἅπαντα
583 1864 690 1903 κατέ-[ει
703 1866 817 1904 πόλεμος
827 1886 877 1904 ‚405
886 1871 1010 1899 ponere;
1020 1871 1034 1888 a
1047 1871 1095 1888 suo
1110 1859 1223 1898 quisque
1236 1860 1360 1899 proximo
1373 1869 1476 1898 cavete;
1490 1863 1520 1890 A
1531 1873 1600 1891 con-

850 1914 869 1935 Α
881 1909 952 1946 juge
966 1914 1016 1935 ιιια
1031 1917 1118 1943 cave,
1136 1917 1172 1933 ne
1185 1907 1259 1945 quid
1273 1907 1319 1934 illi
1342 1908 1453 1936 credas.
1468 1908 1543 1944 Quid
1561 1909 1597 1937 ita

886 1952 1014 1981 tandem?
1027 1952 1097 1988 Quia
1110 1958 1214 1991 tempus
1227 1952 1327 1980 malum
1342 1959 1392 1989 est,
1412 1954 1488 1991 Quia
1504 1957 1598 1984 omnis

884 2000 981 2037 frater
994 1999 1151 2026 insidiatur
1164 1999 1318 2036 calcaneo,
1334 2007 1361 2027 et
1376 2002 1470 2028 omnis
1486 2003 1597 2030 amicus

888 2045 987 2073 dolose
998 2044 1114 2072 incedit.
1128 2044 1186 2072 Non
1201 2051 1239 2072 est
1253 2045 1355 2074 amicus
1366 2053 1439 2075 tutus
1449 2069 1457 2084 ,
1471 2057 1524 2075 non
1538 2047 1595 2076 fra—

888 2097 927 2118 ter
937 2090 1040 2119 firmus.
1052 2089 1196 2119 sublatum
1208 2098 1247 2119 est
1258 2091 1374 2120 caritatis
1386 2092 1486 2122 bonum
1493 2105 1502 2131 5
1517 2094 1597 2123 civile

887 2137 989 2165 bellum
1003 2143 1113 2177 occupat
1127 2138 1225 2174 omnia,
1241 2137 1333 2175 civile,
1344 2145 1369 2166 et
1382 2149 1433 2167 non
1455 2147 1594 2179 apertum,

887 2183 933 2211 sed
954 2183 1151 2212 obumbratum.
1164 2184 1312 2213 Innumerae
1332 2185 1430 2224 ubique
1447 2185 1546 2224 larvae,
1561 2187 1597 2215 si-

888 2229 1045 2268 mutataeque
1054 2230 1141 2259 facies.
1149 2230 1235 2258 Multa
1245 2231 1337 2260 ovium
1348 2231 1456 2269 vellera,
1463 2232 1597 2262 innumeri

886 2276 985 2315 ubique
995 2277 1053 2316 lupi
1065 2277 1116 2305 sub
1125 2277 1167 2305 his
1178 2278 1316 2306 occultati:
1326 2285 1355 2307 ut
1362 2279 1420 2318 jam
1431 2279 1499 2308 inter
1508 2279 1596 2309 hostes

886 2322 984 2361 aliquis
992 2323 1075 2352 tutius
1085 2323 1193 2360 vixerit,
1200 2335 1278 2363 quam
1287 2324 1355 2353 inter
1363 2335 1406 2353 eos
1416 2325 1461 2363 qui
1472 2325 1596 2355 videntur

887 2369 973 2399 amici.
985 2369 1039 2404 Qui
1049 2369 1107 2398 heri
1119 2370 1309 2404 adulabantur,
1322 2371 1368 2409 qui
1383 2382 1477 2400 manus
1492 2373 1596 2401 oscula-

887 2416 993 2452 bantur,
1004 2416 1083 2445 hodie
1098 2424 1204 2456 repente
1216 2418 1343 2456 comperti
1358 2425 1419 2446 sunt
1430 2429 1486 2447 esse
1495 2418 1593 2453 hostes,

887 2462 1050 2502 abjectisque
1060 2463 1142 2492 larvis
1153 2463 1215 2492 sacti
1229 2471 1292 2492 sunt
1302 2464 1427 2492 omnibus
1437 2466 1595 2493 accusatori-

887 2510 937 2538 bus
951 2509 1112 2546 acerbiore53
1127 2521 1176 2549 pro
1191 2510 1288 2548 quibus
1304 2510 1425 2539 hesterno
1437 2510 1481 2538 dic
1496 2511 1593 2549 gratias

889 2557 1011 2595 agebant,
1025 2556 1073 2585 hos
1089 2567 1157 2585 nune
1172 2557 1292 2584 incusant
1306 2563 1331 2584 et
1344 2556 1549 2585 calumniantur.

104 2626 116 2644 Β
133 2626 193 2659 Reg.
207 2633 243 2654 τοῦ
263 2633 394 2661 mmmm,
408 2637 433 2656 ct.
447 2633 480 2656 sic
492 2631 581 2665 legitur
598 2633 665 2666 apud
682 2635 810 2662 Michaeam
826 2636 925 2668 [addito
940 2649 959 2663 τι
972 2643 1028 2663 autc
1044 2638 1123 2670 κνῆ-1.
1136 2635 1215 2661 Editt.
1230 2640 1363 2662 izmaemfflzs.

1647 1514 1753 1536 Constan-

1610 1545 1751 1573 tinopolitaui

1645 1578 1753 1598 tumultus

1610 1608 1689 1636 imago.

1611 1781 1680 1802 Mica.
1691 1788 1713 1810 5.
1726 1781 1749 1803 5.

1608 1970 1688 1990 Jerem.
1698 1968 1748 1999 94.
