1828 2815
57 305 181 331 'Persequit-

41 336 178 356 tioncsCtiri-

40 369 92 387 trani
142 375 182 395 pa-

40 401 133 419 liuntur.

41 1165 181 1189 R1›111.S,28,

195 176 258 210 182
514 185 542 208 S.
571 185 710 209 JOANNIS
738 184 919 207 CHRYSOST.
952 183 1105 206 ARCHIEP-
1133 182 1399 206 CONSTANTINOP-

189 247 340 287 spiritualia
364 246 554 276 medicamenta
576 248 640 276 solet
667 247 805 276 adhibere.
828 244 903 280 Quid
959 243 1156 283 μηχανήματα,
1180 244 1224 273 καὶ
1246 249 1360 283 συνεχεῖς
1384 245 1410 272 αἱ
1432 243 1587 276 ἐπιίουλαὶ,
1611 242 1656 271 καὶ
1678 244 1724 272 οὐκ

190 293 273 332 igitur
294 300 332 322 cst
346 293 395 321 hoc
410 293 481 331 quod
495 293 552 321 ait?
571 292 797 331 Quandoquidem
813 291 904 320 multa:
958 290 1070 330 ἠρέμουν
1083 292 1106 318 οἱ
1120 292 1157 330 τῷ
1169 289 1319 329 κηρύγματι
1335 291 1519 327 πολεμοῦντες,
1542 287 1601 321 τοὺς
1622 287 1669 326 μὲν
1689 289 1725 320 εἷς

191 339 308 378 undique
321 339 475 368 tentationes
487 349 529 367 eos
539 339 772 375 circnmsidebant,
790 337 904 375 quitum
959 335 1127 374 δεσμωτήρια
1143 336 1333 374 ἐμὸάλλοντες,
1356 334 1415 368 τοὺς
1435 335 1462 364 δὲ
1484 336 1519 368 εἷς
1544 334 1723 372 *ἀπαγωγὰῃ

190 386 352 414 accedebant
366 385 401 413 ad
417 386 540 420 linem,et
557 386 704 423 frequentes
713 385 747 412 ab
762 384 837 411 hoste
848 393 905 411 ma·
958 381 1017 414 τοὺς
1038 381 1064 409 δὲ
1090 383 1125 413 εἷς
1142 381 1222 420 μυρία
1244 381 1320 421 ἕτερα
1343 381 1461 420 βάραθρα
1484 380 1666 412 καθέλκοντες·
1683 379 1725 408 διὰ

190 431 275 460 chinae
293 430 520 467 admovebantur,
538 438 564 459 et
579 431 710 459 continuae
729 429 905 457 tendebantur
959 431 1033 456 τοῦτο
1045 427 1163 467 καθάπερ
1175 428 1319 465 στρατηγὸς
1334 427 1453 465 ἄριστος,
1467 428 1533 466 δρῶν
1547 425 1613 464 μετὰ
1627 426 1725 454 πολλοῦ

190 477 303 510 insidiae,
314 487 398 515 neque
407 476 604 515 praedicationis
615 475 746 514 evangelii
757 473 903 502 adversarii
922 478 940 499 C
960 475 1040 510 θυμοῦ
1061 473 1172 501 πνέοντα
1187 473 1229 501 τὸν
1249 472 1398 507 ἀντίπαλον,
1413 472 1520 511 περιιὼν
1536 471 1594 504 τοὺς
1618 471 1725 503 οἰκείους

190 522 370 560 quiescebant,
388 522 433 550 sed
448 522 513 550 alios
528 522 554 550 in
568 532 699 550 carcerem
716 520 901 559 conjiciebant,
958 518 1122 557 πανταχόθεν
1150 517 1283 556 διεγείρει,
1311 522 1407 556 νευροῐ,
1433 518 1547 557 ἀλείφει,
1576 518 1725 557 θαρσαλεω-

190 568 257 596 alios
270 568 297 596 in
312 568 437 596 exsilium
452 568 603 605 mittebant,
619 567 685 596 alios
700 567 726 595 in
741 566 792 594 alia
806 565 904 606 praeci-
958 563 1047 602 τέρους
1074 564 1232 599 καθίστησι,
1264 563 1469 603 προθυμοτέρους
1503 568 1572 592 ποιεῖ
1600 563 1664 601 πρὸς
1695 562 1725 590 τὸ

191 613 256 652 pitia
267 613 407 641 trabebant
422 621 577 652 :propterea
597 612 822 651 quemadmodum
835 611 904 651 opti<
959 609 1005 642 τὰς
1029 614 1119 649 χεῖρας
1150 611 1260 648 ἀντᾶραι
1286 609 1355 638 κατὰ
1377 612 1421 637 τοῦ
1447 610 1590 647 πολεμίου,
1615 609 1660 637 καὶ
1686 608 1722 646 μὴ

191 669 251 687 mus
274 658 435 698 imperator,
454 670 515 687 cum
531 659 633 687 bostem
648 658 721 687 videt
741 668 829 686 acrem
854 658 905 685 ira·
960 655 1101 684 δεδοικέναι
1124 655 1171 688 τὰς
1192 655 1289 684 ἐκείνου
1317 654 1500 694 καταδρομὰς,
1530 654 1597 683 ἀλλὰ
1624 655 1725 692 στερρῷ

191 703 317 732 cundiam
342 705 503 743 spirantem,
534 704 692 732 circumiens
718 714 779 732 suos
808 703 906 731 excitat
960 703 997 740 τῷ
1033 702 1180 740 φρονήματι
1204 701 1228 734 ἐξ
1254 701 1372 734 ἐναντίας
1396 700 1550 738 ἱσταμένους
1576 699 1619 728 καὶ
1647 699 1727 734 αὐτὴν

192 749 320 787 undique,
333 750 495 785 corroborat,
510 749 625 786 instruit,
641 749 795 777 audaciores
807 748 905 783 reddit,
962 748 1039 775 αὐτοῦ
1068 747 1234 785 συγκόπτειν,
1265 749 1288 775 εἷ
1312 743 1364 776 οἷόν
1389 759 1430 782 τε,
1455 746 1502 782 τὴν
1527 746 1596 785 ὄψιν,
1620 744 1664 774 καὶ
1690 745 1726 782 μὴ

191 794 331 823 alacriores
346 795 439 830 eflicit,
458 802 485 823 nt
500 805 593 823 manus
613 801 704 823 contra
723 794 907 823 adversarium
961 794 1191 828 καταπλήττεσθαι
1221 793 1270 828 τὴν
1295 793 1359 832 πρὸς
1382 792 1459 821 αὐτὸν
1487 792 1634 821 ἀντίστασιν
1651 803 1657 809 ·
1683 791 1727 820 τὸν

191 840 323 877 attollant,
337 851 384 868 nec
396 841 469 868 illius
484 840 647 869 incursiones
662 839 842 876 reformident,
860 839 907 867 sed
962 839 1038 868 αὐτὸν
1054 839 1080 868 δὲ
1097 839 1191 877 τρόπον
1204 839 1248 867 καὶ
1260 842 1274 867 ὁ
1289 838 1415 878 μακάριος
1430 834 1519 873 οὗτος,
1539 840 1556 872 ἡ
1577 836 1728 877 οὐρανομή-

191 885 280 914 animo
295 886 356 914 forti
370 897 397 914 se
413 886 452 913 illi
468 893 611 925 opponant,
626 886 714 924 ipsum
731 886 788 924 ejus
802 884 907 913 vultum
962 896 1008 920 κης
1024 883 1113 923 ψυχὴ,
1129 885 1252 922 διεγεῖραι
1269 884 1422 923 βουλόμενος
1437 886 1488 912 τῶν
1502 885 1602 912 πιστῶν
1614 881 1648 911 τὰ
1660 893 1726 921 <ppo-

192 931 213 959 si
227 931 342 970 possint,
355 932 509 967 vulnerent,
527 942 573 959 nec
588 931 628 959 illi
648 931 768 959 resistere
784 930 907 969 pertime-
962 930 1066 967 νήματα
1078 952 1084 964 ,
1108 930 1152 958 καὶ
1167 929 1238 958 κάτω
1253 930 1381 967 κείμενον,
1405 931 1439 962 ὡς
1463 931 1553 964 εἰπεῖν,
1575 929 1659 957 αὐτῶν
1683 927 1727 956 τὸν

193 984 285 1005 scant:
308 987 359 1005 non
385 977 461 1005 aliter
484 977 577 1005 beatus
600 977 663 1013 istc,
679 977 735 1004 haec
760 976 848 1004 anima
873 975 908 1003 ad
961 975 1085 1013 λογισμὸν
1099 977 1244 1013 ἀνορθῶσαι
1255 975 1430 1013 ἐπειγόμενος,
1441 974 1626 1013 οὕτως-ἤρξατο
1636 973 1728 1011 λέγων·

193 1022 287 1050 coetum
310 1033 391 1061 nsque
413 1022 545 1056 sublimis,
560 1022 681 1050 fidelium
701 1022 792 1050 volens
807 1021 908 1049 animos
926 1031 944 1053 ι)
963 1021 1081 1058 Οἴδαμεν
1091 1021 1117 1050 δὲ
1131 1021 1171 1050 ὅτι
1185 1025 1237 1053 τοῖς
1254 1023 1377 1059 ἀγαπῶσι
1393 1021 1435 1048 τὸν
1451 1020 1518 1049 Θεὸν
1534 1020 1620 1048 πάντα
1635 1030 1727 1057 συνερ-

193 1068 318 1103 excitare,
330 1075 353 1096 ct
365 1067 588 1106 linmijacentem,
598 1075 627 1095 ut
643 1067 678 1095 ita
690 1067 788 1103 dicam,
800 1067 908 1094 illorum
963 1071 1002 1104 γεῖ
1015 1068 1050 1098 εἰς
1063 1067 1168 1104 ἀγαθόν.
1187 1066 1268 1105 Ὁρᾷς
1290 1066 1336 1101 τὴν
1358 1066 1460 1094 σύνεσιν
1474 1065 1520 1100 τὴν
1538 1064 1727 1099 ἀποστολικήν;

193 1113 378 1152 cogitationem
394 1113 494 1151 erigere
505 1113 613 1141 studens
628 1113 662 1140 ita
676 1112 765 1140 dicere
776 1113 888 1150 occoepit
901 1123 906 1138 2
964 1113 1020 1141 Οὐκ
1034 1108 1114 1147 εἶπεν,
1125 1108 1191 1147 οἶδα,
1206 1113 1274 1147 ἀλλ’,
1285 1112 1413 1150 Οἴδαμεν,
1426 1112 1470 1140 καὶ
1482 1111 1572 1143 αὐτοὺς
1582 1113 1616 1143 εἷς
1627 1122 1728 1148 συγκα-

192 1159 303 1187 Scimus
324 1166 420 1187 aztlem
442 1161 580 1197 quoniam
601 1159 788 1197 diligentibus
814 1159 908 1186 Deum
963 1157 1066 1186 τάθεσιν
1079 1158 1248 1196 ἐφελκόμενος
1261 1160 1312 1186 τῶν
1325 1157 1481 1196 λεγομένων,
1491 1157 1531 1186 ὅτι
1544 1161 1597 1189 τοῖς
1609 1158 1730 1195 ἀγαπῶσι

193 1206 292 1232 omnia
306 1210 497 1242 cooperantur
510 1206 541 1230 ἰιι
556 1205 671 1231 bouum,
691 1203 772 1232 Vides
788 1202 908 1242 prudcn—
963 1203 1007 1231 τὸν
1022 1204 1089 1232 Θεὸν
1105 1203 1192 1231 πάντα
1215 1208 1330 1242 συνεργεῖ
1348 1205 1383 1236 εἷς
1406 1203 1512 1242 ἀγαθόν.
1535 1203 1634 1232 Σκόπει
1658 1202 1730 1240 ἀκρί-

192 1250 255 1277 tiam
270 1249 463 1288 apostolicam?
473 1249 531 1277 Non
544 1248 626 1284 dixit,
636 1250 708 1285 Scio,
720 1249 905 1283 sed‚Scimus‚
964 1249 1036 1276 δειαν
1052 1248 1177 1287 ῥημάτιον
1193 1250 1383 1278 ἀποστολικῶν.
1399 1251 1457 1277 Οὐκ
1468 1244 1549 1283 εἶπεν,
1563 1250 1586 1277 οἳ
1607 1249 1729 1286 ἀγαπῶν-

193 1303 222 1324 nt
237 1296 306 1335 ipsos
321 1296 354 1324 ad
368 1306 502 1324 assensum
514 1295 688 1334 praebendum
703 1295 815 1323 orationi
829 1295 908 1333 pelli·
964 1306 1006 1327 τες
1029 1295 1072 1323 τὸν
1092 1294 1160 1322 (θεὸν
1182 1294 1348 1333 διαφεύγουσι
1367 1295 1400 1323 τὰ
1424 1294 1494 1324 δεινὰ
1507 1316 1514 1329 ,
1541 1295 1731 1331 ἐλευθεροῦνται

193 1348 272 1378 rei-ct,
281 1340 351 1379 qnod
361 1340 537 1379 diligentibus
545 1341 631 1368 Deum
640 1340 728 1368 omnia
737 1346 911 1378 cooperentur
964 1342 1015 1368 τῶν
1031 1342 1198 1379 πειρασμῶν·
1214 1339 1282 1374 ἀλλ’,
1296 1340 1424 1377 Οἴδαμεν,
1441 1340 1517 1379 φησὶ,
1531 1339 1662 1373 τουτέστι,
1681 1349 1732 1366 πε-

194 1388 219 1415 in
236 1388 344 1414 bonum.
360 1385 559 1421 Animadverte,
576 1396 656 1422 qoam
670 1392 792 1413 accurate
812 1385 909 1422 loqua-
965 1386 1105 1423 πείσμεθα,
1120 1386 1386 1425 πεπληροφορήμεθα,
1399 1386 1430 1413 δι’
1445 1387 1524 1420 αὖτ’ἧς
1541 1388 1592 1413 τῶν
1607 1383 1731 1424 πραγμά-

194 1439 238 1460 tur
252 1431 394 1470 apostolus.
412 1432 469 1459 Non
487 1430 557 1458 dixit
574 1452 580 1465 ,
596 1430 649 1464 Qui
665 1431 753 1458 Deum
775 1429 904 1468 diligunt,
965 1443 1016 1459 των
1032 1434 1078 1466 τῆς
1092 1431 1202 1470 “πείρας
1216 1431 1262 1463 τὰς
1275 1431 1416 1464 ἀποδείξεις
1433 1431 1590 1470 εἰλήφαμεν·
1614 1430 1732 1467 Οἴδαμεν

193 1477 294 1506 evitant
323 1476 390 1504 mala
400 1498 408 1511 ,
426 1476 574 1503 liberantur
593 1487 607 1503 a
631 1475 820 1503 tentationibus
833 1487 840 1511 ;
851 1475 907 1509 sed,
966 1477 1007 1505 ὅτι
1017 1481 1068 1510 τοῖς
1080 1478 1202 1514 ἀγαπῶσι
1214 1476 1256 1505 τὸν
1270 1477 1336 1505 Θεὸν
1352 1477 1436 1506 πάντα
1452 1480 1569 1515 συνεργεῖ
1581 1478 1615 1509 εἰς
1626 1474 1732 1513 ἀγαθόν.

194 1523 314 1557 Scimus,
335 1521 431 1559 inquit,
451 1521 500 1549 lioc
523 1527 569 1555 est,
594 1531 750 1560 persuasum
776 1520 851 1548 nobis
866 1527 914 1557 est,

194 1568 317 1596 certiores
341 1567 403 1595 facti
428 1577 533 1603 snmus,
556 1566 612 1605 ipsa
637 1577 727 1595 rerum
750 1566 914 1605 experientia

196 1613 280 1642 edocti
293 1612 532 1641 demonstrationes
544 1612 695 1650 accepimus
708 1624 713 1639 ε
725 1612 836 1640 Scimus
846 1622 915 1650 quo-

198 1661 275 1687 niam
300 1659 486 1698 diligentibus
501 1658 594 1686 Deum
610 1659 710 1686 omnia
724 1663 916 1695 cooperantur

201 1706 231 1732 in
247 1706 361 1732 bonum.

236 1752 264 1778 ἓ.
289 1752 425 1785 Quantam
445 1749 510 1777 liuic
530 1749 606 1777 brevi
623 1749 735 1777 dictioni
758 1749 814 1778 vim
832 1749 916 1777 inesse
1010 1750 1102 1784 Πόσην
1114 1749 1196 1779 οἴεσθε
1214 1750 1322 1788 δύναμιν
1337 1749 1406 1788 ἔχειν
1425 1750 1472 1785 τὴν
1491 1752 1617 1789 βραχεῖαν
1637 1749 1735 1785 ταύτην

197 1794 390 1822 arbitramini?
414 1796 530 1828 Omnia,
555 1795 654 1832 inquit,
670 1802 863 1833 cooperantur
886 1797 917 1822 in
971 1795 1054 1830 λέξιν;
1076 1796 1185 1830 Ποίντα,
1201 1795 1282 1834 φησὶ,
1305 1800 1421 1834 συνεργεῖ
1439 1798 1474 1829 εἷς
1489 1797 1597 1834 ἀγαθόν·
1625 1796 1661 1834 μὴ
1687 1796 1737 1836 γάρ

200 1842 313 1868 bonum.
327 1840 388 1868 Noli
409 1840 479 1867 enim
504 1840 571 1868 inihi
592 1840 671 1878 liujus
694 1841 755 1869 vitae
777 1840 915 1868 commoda
934 1848 952 1870 Ε
973 1853 1017 1879 μοι
1027 1841 1060 1869 τὰ
1072 1840 1176 1879 χρηστὰ
1206 1842 1315 1869 ἐνταῦθα
1336 1841 1422 1879 εἴπης,
1444 1842 1510 1879 μηδὲ
1525 1842 1572 1877 τὴν
1592 1842 1678 1871 ἄνεσιν
1693 1842 1737 1870 καὶ

199 1896 421 1919 commemorare,
437 1896 520 1923 neque
533 1886 731 1924 jucunditatem
748 1893 852 1914 tantum
871 1893 918 1914 ant
971 1886 1018 1921 τὴν
1031 1886 1118 1914 ἄδειαν
1133 1886 1208 1924 μόνον
1226 1887 1334 1925 λογίσῃ,
1355 1887 1422 1915 ἀλλὰ
1445 1887 1489 1916 καὶ
1510 1887 1543 1916 τὰ
1563 1888 1682 1922 ἐναντία,
1705 1887 1738 1917 τὰ

199 1932 367 1960 securitatem
389 1931 479 1959 aninlo
492 1931 597 1968 volvas,
614 1931 659 1959 sed
681 1931 761 1960 etiam
777 1931 917 1968 contraria,
973 1931 1157 1970 δεσμωτήρια,
1182 1932 1228 1965 τὰς
1242 1932 1357 1971 θλίψεις,
1378 1932 1424 1964 τὰς
1445 1932 1597 1968 ἐπιδουλὰς,
1620 1933 1666 1965 τὰς
1688 1944 1737 1961 κα-

199 1988 334 2013 carceres,
361 1976 564 2012 tribulationes,
594 1976 720 2013 insidias,
750 1977 918 2015 quotidianos
973 1978 1113 2016 θημερινὰς
1137 1977 1254 2016 ἐψόδους,
1279 1977 1323 2006 καὶ
1348 1977 1406 2006 τότε
1430 1978 1486 2017 ὄψει
1513 1978 1580 2016 μετὰ
1605 1978 1739 2017 ἀκριὸείας

201 2023 332 2058 incursus,
346 2032 376 2050 ac
396 2028 453 2050 tuin
468 2021 593 2050 dictionis
609 2022 665 2051 vim
679 2029 801 2050 accurate
821 2032 918 2061 cogno·
973 2027 1018 2052 τοῦ
1047 2023 1162 2061 ῥήματος
1196 2022 1243 2058 τὴν
1271 2022 1389 2061 δύναμιν,
1423 2024 1474 2052 Καὶ
1499 2023 1542 2052 ἵνα
1568 2023 1604 2062 μὴ
1635 2024 1738 2062 μακράν

201 2078 265 2095 sces-
279 2069 314 2095 Ac
326 2078 357 2095 ne
371 2068 438 2095 forte
449 2067 484 2095 ad
499 2068 575 2105 longe
590 2067 704 2106 petenda
717 2069 842 2107 exempla
850 2068 920 2096 cari-
973 2080 1022 2097 που
1045 2069 1136 2107 ἀγάγω
1156 2067 1203 2103 τὴν
1223 2069 1351 2108 ὑμετέραν
1369 2069 1484 2107 ἀγάπην,
1500 2071 1521 2098 εἶ
1537 2069 1672 2107 βούλεσθε,
1696 2081 1739 2107 μι-

202 2119 283 2140 tatem
308 2119 423 2140 vestram
444 2112 592 2149 abducam,
609 2113 724 2151 paucula
745 2115 881 2151 quaedam,
896 2114 920 2141 si
974 2114 1024 2154 κρά
1050 2126 1108 2142 τινα
1130 2115 1182 2142 τῶν
1207 2116 1244 2153 τῷ
1271 2114 1393 2154 μακαρίῳ
1415 2114 1499 2154 τούτῳ
1525 2115 1680 2153 συμδάντων
1705 2116 1740 2147 εἷς

203 2157 368 2193 lubet,exiis
379 2168 437 2194 quae
446 2157 522 2185 beato
534 2158 575 2186 isti
589 2158 753 2194 acciderunt,
765 2160 790 2187 in
801 2159 920 2187 medium
976 2160 1054 2197 μέσον
1066 2159 1214 2198 ἀγάγωμεν,
1230 2160 1274 2188 καὶ
1289 2160 1381 2198 ὄψεσθε
1395 2162 1439 2188 τοῦ
1453 2160 1569 2199 ῥήματος
1586 2159 1633 2194 τὴν
1655 2159 1739 2199 ἰσχύν.

204 2203 409 2242 proferamus,et
420 2202 475 2231 vim
486 2202 562 2230 istius
578 2203 653 2231 verbi
669 2204 841 2242 cognoscetis.
852 2205 920 2233 Nam
930 2228 965 2246 15,
976 2205 1085 2240 Ἐπειδὴ
1111 2206 1161 2244 γὰρ
1187 2204 1294 2244 περιιὼν
1319 2209 1472 2243 πανταχοῦ,
1498 2205 1611 2244 σπείρων
1633 2205 1676 2234 τὸν
1696 2207 1743 2240 τῆς

204 2258 265 2276 cum
282 2247 790 2288 regionesoninescircuiuiens,pietatis
809 2251 921 2279 verbum
938 2257 957 2277 Α
976 2251 1108 2283 εὐσεὸείας
1131 2251 1217 2289 λόγον,
1246 2251 1292 2282 τὰς
1318 2250 1430 2283 ἀκάνθας
1457 2252 1591 2285 ἀνασπῶν,
1620 2250 1664 2279 καὶ
1695 2250 1743 2285 τὴν

205 2303 341 2332 spargens,
358 2292 446 2331 spinas
461 2292 586 2327 evellenS,
602 2293 739 2322 veritatem
756 2295 783 2323 in
798 2295 920 2333 singulo·
977 2297 1101 2331 ἀλήθειαν
1121 2298 1145 2325 ἐν
1161 2298 1193 2334 τῇ
1212 2295 1322 2323 ἑκάστου
1342 2296 1413 2333 ψυχῇ
1433 2295 1620 2334 καταφυτεύειν
1641 2295 1744 2333 ἐπειγό-

207 2349 265 2366 runi
294 2338 389 2366 animis
420 2337 539 2376 plantare
566 2338 744 2373 contendens,
770 2340 807 2368 ad
830 2342 923 2369 urbem
976 2354 1066 2380 μενος,
1082 2341 1217 2379 γενόμενος
1240 2339 1309 2369 κατά
1327 2351 1386 2367 τινα
1401 2339 1475 2368 πόλιν
1499 2343 1546 2375 τῆς
1568 2340 1742 2375 Μακεδονίας,

207 2383 350 2422 quamdam
358 2383 503 2422 appulisset
513 2383 687 2421 Macedoniae,
697 2385 922 2421 quemadmodum
975 2387 1059 2420 καθὼς
1072 2390 1084 2415 ὁ
1097 2387 1224 2426 μακάριος
1241 2387 1359 2419 Λουκᾶς,
1370 2387 1383 2413 ὁ
1395 2385 1423 2413 τὸ
1437 2387 1487 2413 τῶν
1502 2385 1627 2424 Πράξεων
1643 2386 1743 2424 βιῧλίον

207 2430 300 2458 beatus
312 2430 406 2463 Lucas,
421 2429 442 2456 is
454 2427 499 2466 qui
512 2428 613 2456 librum
624 2430 750 2457 Actorum
762 2431 920 2469 composuit,
977 2433 1088 2468 συνθεὶς,
1113 2435 1176 2470 ἡμῖν
1204 2431 1364 2469 διηγήσατο,
1389 2430 1530 2466 παιδίσκην
1554 2430 1612 2459 τινὰ
1636 2434 1739 2468 πνεῦμα

208 2475 285 2504 nobis
299 2474 443 2511 enarravit,
457 2473 582 2502 ancillam
597 2474 752 2513 quamdam,
769 2486 826 2513 quae
842 2476 923 2504 mali-
975 2479 1088 2518 πονηρὸν
1110 2477 1230 2517 ἔχουσαν,
1252 2476 1296 2504 καὶ
1314 2480 1389 2514 σιγᾷν
1410 2477 1456 2504 οὐκ
1479 2476 1648 2515 ἀνεχομένην,
1671 2476 1738 2505 ἀλλὰ

242 2568 250 2576 ”’
270 2567 320 2598 [V.
334 2565 423 2590 Montf.
439 2565 508 2590 Praef.
525 2567 585 2590 tomi
599 2565 669 2597 liujus
683 2565 694 2599 §
707 2566 749 2598 ΣΞ]
1022 2576 1031 2587 τι
1050 2569 1108 2600 Reg.
1123 2573 1200 2602 πείρας
1212 2571 1317 2595 πολλάκις
1328 2571 1367 2596 τὰς
1380 2569 1445 2593 ἀποδ-
