1840 2839
755 203 934 226 1-’.1’15Ὶ·υι,1-ῒ.

65 271 172 302 ναῦται,
186 268 230 296 καὶ
242 269 393 307 πλωτῆρες,
410 267 514 296 ἐπειδὰν
534 268 608 296 ἴδωσι
630 268 711 306 νεφῶν
726 267 834 303 συνδρο-

66 319 128 358 μὴν,
147 320 163 354 ἢ
178 321 273 361 ἀγρίων
289 320 392 358 ἀνέμων
406 320 530 358 ἐμὸολὴν,
546 320 562 355 ἢ
576 320 606 349 τὸ
622 320 704 359 ῥόθιον
727 322 771 348 τοῦ
789 331 833 347 κυ-

65 384 146 409 ματος
161 373 327 412 σφοδροτάτῳ
346 372 400 406 ζέον
416 375 504 413 ἀφρῷ,
519 374 580 403 εἴσω
592 374 696 411 λιμένος
708 373 740 402 τὰ
755 374 833 401 πλοῖα

64 422 221 462 κατέχουσιν
231 435 236 440 ·
249 424 271 451 εἰ
287 423 315 452 δέ
333 435 382 453 που
403 424 447 453 καὶ
459 424 561 464 τύχοιεν
575 427 601 454 ἐν
616 427 724 465 πελάγει
741 426 834 455 σαλεύ-

64 487 148 511 οντες,
174 476 261 505 πάντα
286 479 389 506 ποιοῦσι
410 477 455 506 καὶ
476 480 660 517 μηχανῶνται,
683 478 750 507 ὥστε
770 477 833 516 πρὸς

63 527 153 568 ὅρμον,
167 529 183 564 ἢ
196 531 284 566 νῆσον,
299 530 315 564 ἢ
333 530 414 565 ἀκτὴν
430 531 608 570 προσορμίσαι
627 532 657 560 τὸ
675 532 782 570 σκάφος.
795 531 832 560 Σὺ

63 580 91 610 δὲ
104 581 202 622 μυρίων
215 583 382 621 πνευμάτων,
390 583 518 613 τοσούτων
528 583 624 624 ἀγρίων
636 585 759 623 κυμάτων
771 585 834 612 πάν-

63 637 136 664 τοθεν
157 636 385 675 συρρηγνυμένων,
399 641 443 666 τοῦ
463 639 540 676 βυθοῦ
554 639 600 671 τῆς
619 636 749 671 θαλάττης
772 637 834 664 ἀνα-

64 689 221 727 στραφέντος
238 689 281 718 διὰ
301 689 349 725 τὴν
371 690 542 730 χαλεπότητα
558 693 603 719 τοῦ
624 691 770 728 χειμῶνος,
790 689 835 717 καὶ

63 742 116 769 τῶν
133 741 181 778 μὲν
197 742 363 782 ὗποὸρυχίιιὶν
377 742 534 781 γενομένων,
547 744 598 771 τῶν
613 742 640 770 δὲ
658 741 833 770 ἐπιπλεόντων

63 795 162 831 νεκρῶν
174 797 227 827 τοῖς
247 793 346 828 ὕδασιν,
360 793 455 832 ἑτέρων
471 797 577 833 γυμνῶν
593 794 635 823 ἐπὶ
648 795 749 828 σανίδος
761 807 835 834 φερο-

64 845 158 882 μένων,
172 848 208 880 εἰς
223 847 302 885 μέσον
325 847 455 884 ἁλλομένη
473 846 502 876 τὸ
525 847 639 887 πέλαγος
658 850 710 876 τῶν
735 850 834 884 κακῶν,

64 901 144 936 μῦθον
172 899 276 928 ἅπαντα
298 902 383 928 ταῦτα
407 901 510 935 καλεῖς,
537 901 653 941 ἐξουρίας
676 903 701 930 ἐν
721 903 834 940 χειμῶνι

63 951 195 982 πλέουσα·
208 952 253 981 καὶ
264 953 337 990 μάλα
353 953 467 987 εἰκότως.
483 955 519 983 Οἱ
533 954 580 992 μὲν
593 955 644 994 γὰρ
660 954 834 993 κυὸερνῆται,

64 1004 113 1034 κᾶν
128 1005 250 1044 μυριάκις
264 1001 314 1035 ὦσι
329 1006 402 1046 σοφοὶ
415 1006 463 1042 τὴν
483 1006 633 1045 ἐπιστήμην
653 1006 763 1041 ἐκείνην,
776 1006 834 1034 ἀλλ’

64 1059 111 1088 οὐκ
130 1059 218 1099 ἔχουσι
242 1059 337 1099 τέχνην
353 1061 482 1099 ἀρκοῦσαν
505 1060 659 1092 ἀντιστῆναι
680 1057 759 1086 παντὶ
777 1069 836 1096 χει-

65 1114 134 1149 μῶνι
147 1124 152 1130 ·
166 1113 205 1141 διὸ
219 1113 263 1141 καὶ
279 1112 402 1152 φεύγουσι
415 1111 541 1144 πολλάκις
552 1111 600 1146 τὴν
610 1111 674 1150 πρὸς
683 1111 715 1140 τὰ
729 1110 836 1149 κύματα

66 1164 165 1204 μάχην.
191 1166 238 1195 Σοὶ
271 1165 300 1195 δέ
331 1167 400 1195 ἔστιν
430 1165 563 1203 ἐπιστήμη
593 1163 690 1196 παντὸς
719 1164 837 1203 ἀνωτέρα

65 1220 211 1257 χειμῶνος,
224 1221 270 1254 τ’ἧς
291 1219 431 1258 φιλοσόφου
454 1220 540 1258 ψυχῆς
561 1219 577 1252 ἠ
606 1217 729 1255 δύναμις,
750 1218 766 1253 ἣ
791 1217 836 1246 καὶ

65 1270 250 1310 στρατοπέδων
277 1271 376 1312 μυρίων
400 1271 469 1301 ἐστὶν
494 1270 663 1310 ἰσχυροτέρα,
683 1269 727 1298 καὶ
749 1269 836 1298 ὅπλων

66 1324 248 1364 δυνατωτέρα,
273 1325 318 1353 καὶ
339 1324 447 1364 πύργων
467 1324 512 1353 καὶ
527 1325 622 1363 τειχῶν
645 1322 836 1363 ἀσφαλεστέρα.

66 1376 246 1416 Στρατιώταις
260 1377 308 1416 μὲν
328 1377 379 1417 γὰρ
396 1377 441 1406 καὶ
452 1378 521 1406 ὅπλα
531 1399 538 1413 ,
548 1376 593 1405 καὶ
603 1376 693 1416 τείχη,
709 1377 754 1406 καὶ
772 1378 823 1417 πύρ

65 1441 121 1468 γοι,
146 1430 211 1470 πρὸς
234 1430 355 1469 σώματος
377 1430 521 1469 ἀσφάλειαν
543 1429 664 1469 χρήσιμα
689 1430 775 1468 μόνον,
792 1430 837 1459 καὶ

65 1486 141 1512 τοῦτο
160 1485 206 1512 οὐκ
220 1483 277 1519 ἀεὶ,
289 1483 347 1512 οὐδὲ
373 1483 415 1511 διὰ
428 1483 538 1516 παντός·
560 1483 618 1512 ἀλλ’
637 1483 706 1512 ἔστιν
730 1483 774 1513 ὅτε
791 1484 837 1512 καὶ

66 1538 184 1571 ἡττᾶται,
194 1536 298 1565 ἅπαντα
311 1539 408 1571 ταῦτα,
421 1536 466 1564 καὶ
483 1535 595 1574 ἐρήμους
614 1537 700 1565 αὐτῶν
717 1548 837 1576 προστα-

65 1588 125 1622 σίας
136 1589 194 1623 τοὺς
210 1589 420 1628 καταφεύγοντας
439 1588 556 1628 ἀφίησιν.
573 1588 615 1617 Τὰ
636 1588 663 1617 δὲ
678 1589 712 1619 σὰ
728 1592 756 1619 οὖ
772 1590 836 1629 βέλη

69 1643 235 1682 βαρῧαρικὰ,
250 1642 307 1672 οὐδὲ
328 1641 510 1681 μηχανήματα
528 1640 661 1678 πολεμίων
685 1641 838 1682 ἀνθρώπων,

67 1694 126 1724 οὐδὲ
150 1695 254 1734 ἐφόδους
275 1694 319 1723 καὶ
344 1693 444 1727 κλοπὰς
463 1693 585 1726 τοιαύτας
610 1695 753 1735 διελέγχει,
771 1697 839 1726 ἀλλὰ

67 1746 114 1780 τὰς
130 1749 177 1782 τῆς
193 1746 293 1786 φύσεως
313 1746 495 1782 κατεπάτησεν
517 1747 646 1786 ἀνάγκας,
664 1750 709 1778 καὶ
725 1750 771 1786 τὴν
791 1763 838 1780 τυ-

69 1798 174 1838 ραννίδα
186 1798 312 1828 κατέλυσε
323 1820 331 1833 ,
346 1797 391 1826 καὶ
402 1798 448 1834 τὴν
468 1799 611 1839 ἀκρόπολιν
626 1803 710 1831 αὐτῶν
726 1805 839 1833 καθεῖλε.

69 1853 122 1882 Καὶ
140 1852 245 1891 δαίμοσι
263 1851 427 1881 πυκτεύουσα
446 1852 585 1889 διηνεκῶς,
603 1854 698 1893 μυρίας
716 1855 763 1893 μὲν
783 1856 840 1895 ἥρω

68 1905 142 1939 νίκας
151 1929 158 1942 ,
166 1905 289 1943 οὐδεμίαν
301 1904 328 1933 δὲ
342 1903 421 1937 ἐδέξω
434 1905 549 1943 πληγὴν,
561 1907 620 1934 ἀλλ’
629 1907 742 1943 ἕστηκας
754 1909 839 1949 ἄτρω-

69 1966 112 1987 τος
127 1956 152 1983 ἐν
164 1953 278 1992 τοσαύτῃ
293 1954 375 1992 βελῶν
387 1952 490 1991 νιφάδι,
502 1953 548 1981 καὶ
558 1953 592 1981 τὰ
606 1955 714 1984 ἀκόντια
724 1955 756 1984 τὰ
771 1957 839 1986 κατὰ

71 2005 116 2031 σοῧ
138 2001 282 2040 ῥιπτόμενα
295 2000 360 2040 πρὸς
383 2000 442 2032 τοὺς
465 2000 586 2039 ἀφιέντας
609 2004 766 2043 ὑποστρέφει
784 2006 840 2033 πά-

70 2050 121 2078 λιν.
133 2049 252 2084 Τοιαύτη
265 2060 311 2078 σου
324 2051 371 2083 τ’ἧς
383 2048 477 2087 τέχνης
492 2051 509 2084 ἡ
522 2050 599 2088 σοφία
608 2062 613 2068 ·
628 2051 660 2079 δι’
681 2047 716 2080 ὧν
727 2053 841 2092 πάσχεις

70 2097 245 2134 κακῶς,τοῦς
265 2099 403 2129 ποιοῦντας
426 2096 526 2136 ἀμύνῃ·
549 2099 581 2126 δι’
607 2094 644 2127 ὧν
667 2100 839 2140 ἐπιδουλεύῃ,

71 2146 130 2180 τοὺς
145 2147 324 2184 πολεμοῦντας
341 2146 445 2181 λυπεῖς,
462 2145 583 2174 ὑπόθεσιν
604 2146 729 2184 μεγίστην
744 2148 840 2188 ἔχουσα

71 2195 136 2234 πρὸς
160 2194 350 2232 εὖδοκιμήσεως
377 2193 498 2233 ἀφορμὴν
526 2194 641 2232 μείζονος
664 2195 711 2230 τὴν
736 2197 840 2226 ἐκείνων

71 2244 176 2273 κακίαν.
188 2245 280 2273 Ταῦτα
296 2243 340 2272 καὶ
358 2241 422 2277 αὐτὴ
440 2243 522 2271 εἰδυῖα
541 2243 640 2279 καλῶς,
655 2243 700 2272 καὶ
714 2246 746 2283 τῇ
762 2245 841 2285 πείρα

71 2293 119 2328 τὴν
134 2293 254 2327 αἴσθησιν
274 2291 384 2330 ἔχουσα,
401 2290 508 2323 εἰκότως
529 2293 607 2329 μῦθον
631 2291 735 2320 ἅπαντα
758 2296 840 2322 ταῦτα

73 2342 169 2373 καλεῖς.
184 2341 247 2372 Πῶς
269 2338 320 2378 γὰρ
339 2341 388 2367 οὐκ
408 2338 437 2366 ἂν
459 2339 586 2379 καλέσῃς,
601 2340 658 2370 εἰπέ
672 2353 732 2379 μοι,
752 2345 841 2380 μῦθον,

73 2388 164 2422 Θνητὸν
184 2390 263 2426 σῶμα
273 2389 407 2426 λαχοῦσα,
427 2388 472 2416 καὶ
490 2388 600 2417 θανάτου
617 2389 685 2418 οὕτω
705 2402 839 2430 καταφρο-

75 2439 167 2472 νοῦσα,
181 2438 216 2469 ὡς
234 2438 258 2466 οἱ
277 2435 324 2471 τὴν
342 2436 481 2475 ἀλλοτρίαν
503 2438 666 2476 ἐπειγόμενοι
679 2441 842 2476 καταλιπεῖν,

76 2485 129 2514 καὶκ
137 2485 201 2524 πρὸς
214 2485 262 2520 τὴν
281 2484 378 2514 οἰκείαν
399 2486 549 2514 ἐπανελθεῖν
563 2486 694 2525 πατρίδας
709 2489 843 2529 ἀρρωστίᾳ

76 2534 182 2566 συζῶσα
207 2533 398 2572 χαλεπωτάτῃ,
425 2533 469 2561 καὶ
496 2534 547 2561 τῶν
580 2535 773 2574 εὖσαρκούντων
801 2538 845 2566 καὶ

77 2580 246 2619 σφριγώντων
260 2581 332 2615 ἥδιον
351 2581 502 2619 διακειμένη
514 2603 521 2617 ,
537 2583 584 2621 οὐχ
604 2582 694 2621 &Spem
709 2596 844 2614 ταπεινου-

845 1929 882 1948 582

1537 190 1608 236 (ἣν.)

890 265 978 300 flante,
994 263 1031 291 sic
1053 263 1179 302 expausis
1192 263 1323 302 patientur·
1345 264 1410 291 velis
1430 274 1604 292 summarum

886 310 1014 338 fincilitate
1027 310 1148 347 navigas,
1161 316 1316 347 tantumque
1328 310 1401 338 alu-1)
1412 310 1474 338 alu-s
1490 318 1515 339 ut
1530 313 1605 348 gravi

886 356 936 384 liae
958 362 1112 394 tempestate
1127 355 1261 390 obruaris,
1287 363 1315 384 ut
1336 367 1368 384 ne
1386 357 1479 384 leviter
1495 357 1604 395 quiulem

885 401 1035 441 aspergaris
1048 413 1053 428 :
1069 401 1150 439 idque
1162 412 1224 429 sane
1235 401 1328 429 merito
1342 414 1346 429 :
1362 402 1515 440 hujusmodi
1534 404 1603 432 enim

886 454 947 475 sunt
966 447 1074 476 virtutis
1089 447 1278 484 gubernacula.
1295 447 1330 475 lit
1353 447 1462 485 quidem
1477 457 1605 477 mereato-

887 502 927 520 res
941 499 965 520 et
984 491 1184 530 gubernatores,
1199 503 1229 519 ac
1252 500 1348 530 nautae,
1365 500 1389 521 et
1402 501 1528 531 vectores,
1543 506 1604 524 cum

887 537 1000 565 nubium
1015 547 1185 573 concursum,
1203 544 1248 565 aut
1261 548 1390 567 saworum
1405 547 1429 568 et
1446 540 1603 569 immanium

885 589 1024 610 ventorum
1035 581 1176 620 impetum,
1191 583 1352 622 rapithsquc
1363 585 1460 613 fluetus
1473 587 1600 625 majorem

886 627 912 655 in
934 627 1044 655 modum
1068 634 1220 666 spumantes
1235 629 1413 667 conspiciunt,
1439 641 1520 659 naves
1535 632 1603 660 intra

885 679 993 711 portum
1006 673 1150 700 continent.
1165 673 1246 707 Quod
1257 673 1277 701 si
1289 675 1368 703 ctiam
1378 676 1487 704 sortasse
1500 677 1525 705 in
1536 679 1602 706 mari

882 718 1026 756 jactentur,
1043 717 1152 755 quidvis
1167 718 1268 747 faciunt
1286 730 1316 747 ae
1334 721 1491 759 moliuntur,
1522 729 1550 751 ut
1569 723 1603 751 ad

885 763 957 798 litus,
972 770 1018 792 aut
1040 763 1165 800 insulam,
1191 771 1238 793 aut
1262 764 1349 804 ripam
1372 767 1491 805 aliquam
1513 769 1603 797 navim

885 809 1030 848 appellant.
1049 810 1082 837 At
1105 816 1144 846 tu,
1168 820 1229 838 eum
1249 811 1365 839 sexcenti
1391 813 1474 849 venti,
1493 825 1553 842 eum
1567 821 1604 842 tot

886 854 1014 883 immanes
1024 855 1120 884 ssuctus
1136 855 1208 883 omni
1219 865 1252 884 ex
1264 863 1340 895 parte
1352 857 1418 886 inter
1432 869 1460 887 se
1474 860 1603 889 collidan—

887 907 940 937 tur,
961 911 1022 929 cum
1050 911 1123 929 mare
1143 902 1177 930 al)
1199 901 1261 930 imis
1288 913 1371 941 usque
1391 905 1545 943 gurgitibus
1570 908 1604 935 ob

887 948 1052 987 tempestatis
1064 949 1236 977 acerbitatem
1251 960 1356 978 sursum
1370 960 1507 992 emmpat,
1524 961 1603 992 atquc

887 993 933 1021 alii
956 1004 1064 1033 pessum
1088 994 1178 1031 ierint,
1207 994 1253 1023 alii
1275 996 1399 1025 exstincti
1420 1008 1499 1037 supra
1519 1000 1604 1029 undas

887 1040 1031 1077 emineant,
1055 1040 1141 1069 caeteri
1158 1040 1184 1068 in
1201 1041 1291 1069 tabula
1316 1042 1382 1071 nudi
1399 1043 1533 1081 serantur3
1548 1045 1604 1085 ipsa

889 1085 915 1114 in
936 1085 1056 1114 medium
1077 1086 1209 1114 matorum
1226 1087 1336 1126 pelagus
1358 1088 1488 1127 insiliens,
1515 1092 1603 1120 omnia

887 1131 946 1159 haec
960 1131 1080 1160 fabulam
1098 1132 1226 1171 appellas,
1243 1143 1370 1172 prospero
1393 1145 1471 1163 eursu
1489 1135 1514 1164 in
1540 1143 1606 1165 tem-

889 1184 989 1216 pestate
1014 1177 1144 1216 navigans
1163 1189 1169 1205 2
1188 1188 1273 1216 neque
1287 1178 1314 1207 id
1333 1179 1444 1209 mirum.
1467 1183 1601 1211 Nam-chi

888 1223 969 1260 enim,
982 1223 1155 1261 quantumvis
1162 1223 1300 1253 seientiam
1309 1225 1385 1254 illam
1396 1233 1510 1265 teneant,
1521 1235 1604 1257 artem

889 1275 987 1303 tamen,
1012 1279 1064 1307 qua
1089 1269 1160 1297 omni
1177 1271 1327 1309 tempestati
1350 1272 1525 1310 reluctentur,
1553 1285 1604 1303 non

889 1314 988 1343 habent
1001 1326 1006 1342 :
1020 1325 1104 1352 eoque
1128 1315 1207 1343 etiam
1225 1316 1264 1352 fit,
1280 1323 1311 1344 ut
1326 1325 1457 1347 certamen
1475 1330 1536 1348 cum
1552 1320 1605 1348 ssu-

850 798 868 821 D

826 1396 837 1400 -
852 1380 870 1402 E
889 1360 976 1388 ctibus
998 1370 1068 1399 saepe
1091 1360 1206 1398 fugiant.
1231 1363 1264 1389 Λῑ
1288 1362 1337 1390 tibi
1353 1363 1462 1392 scientia
1477 1372 1515 1393 est
1533 1367 1606 1394 omni

888 1411 1043 1444 tempestate
1056 1405 1189 1444 superior,
1207 1406 1336 1436 nimirum
1351 1408 1532 1449 philosophici
1548 1412 1605 1440 ani-

888 1450 926 1478 mi
938 1451 1031 1488 robur,
1045 1450 1118 1489 quod
1132 1458 1158 1480 et
1171 1451 1319 1481 innumeris
1331 1455 1493 1485 exercitibus
1510 1457 1608 1486 valen-

889 1495 941 1525 tius
953 1502 1002 1532 est,
1012 1503 1038 1525 et
1050 1496 1192 1535 quibusvis
1199 1498 1283 1526 armis
1292 1500 1437 1537 potentius,
1453 1508 1478 1529 et
1487 1503 1608 1531 turribus

888 1547 969 1580 atque
984 1542 1070 1571 muris
1092 1543 1185 1572 tutius.
1208 1543 1345 1573 Militibus
1368 1546 1469 1586 quippe
1487 1558 1561 1577 arma
1581 1556 1607 1578 et

888 1587 969 1624 muri,
984 1594 1009 1615 et
1033 1594 1131 1625 turres,
1155 1587 1189 1616 ad
1205 1589 1324 1628 eorporis
1341 1590 1486 1621 dumtaxat
1508 1595 1606 1633 pransi—-

887 1632 967 1661 dium
981 1632 1137 1672 adjumento
1152 1640 1224 1671 sunt,
1239 1634 1321 1672 idque
1333 1635 1413 1665 etiam
1427 1648 1479 1666 non
1493 1649 1606 1679 semper,

889 1688 937 1707 nec
960 1685 1090 1718 perpetuo
1106 1690 1112 1706 ε
1127 1689 1329 1718 nonnumquam
1347 1682 1417 1710 enim
1436 1685 1525 1713 omnia
1557 1686 1606 1714 ista

888 1725 1046 1762 vincuntur,
1064 1735 1161 1763 eosque
1175 1725 1221 1763 qui
1235 1725 1268 1754 ad
1291 1737 1318 1755 se
1329 1729 1496 1767 confugiunt,
1510 1732 1608 1770 praesi-

890 1769 936 1798 dio
949 1780 998 1799 suo
1012 1770 1155 1799 destitutos
1169 1771 1333 1809 relinquunt.
1348 1775 1451 1803 Atvero
1461 1786 1535 1804 arma
1548 1784 1604 1814 tua,

891 1826 943 1844 non
953 1816 1096 1845 barbarica
1113 1816 1177 1851 tela,
1195 1827 1247 1845 non
1261 1817 1378 1847 hostium
1393 1821 1540 1857 machinas,
1554 1833 1606 1852 non

890 1861 1046 1900 hujusmodi
1062 1861 1177 1900 impetus
1193 1869 1217 1890 et
1230 1869 1302 1891 astus
1322 1864 1468 1903 fregerunt,
1481 1867 1526 1895 sed
1538 1867 1608 1907 ipsas

892 1913 994 1934 naturae
1008 1906 1177 1934 necessitates
1185 1907 1378 1946 protriverunt,
1391 1920 1422 1938 ac
1436 1913 1607 1950 tyrannidem

857 1957 875 1979 Α
891 1951 1066 1988 sustulerunt,
1091 1961 1235 1989 earumque
1250 1963 1338 1982 arcem
1360 1954 1435 1983 humi
1452 1964 1607 1995 prosu-ave-

891 2003 962 2025 runt.
978 1998 1016 2024 Ac
1040 2006 1101 2024 eum
1125 1996 1292 2026 daemonibus
1314 2007 1443 2038 perpetuo
1463 2002 1606 2038 dimicans,

892 2042 1044 2070 innumeras
1067 2041 1169 2081 palmas
1183 2043 1290 2082 adepta,
1310 2045 1412 2074 nullam
1434 2047 1542 2087 plagam
1564 2062 1608 2079 ae-

892 2086 1000 2125 cepisti3
1015 2087 1186 2116 veruminter
1194 2087 1365 2119 densissimas
1379 2092 1489 2131 sagittas
1505 2095 1606 2124 incolu-

892 2132 1101 2172 misperstitisti,
1115 2143 1146 2161 ae
1157 2133 1209 2162 tela
1225 2144 1254 2163 ea
1266 2145 1326 2173 qnae
1341 2137 1367 2165 in
1382 2144 1406 2166 te
1414 2140 1606 2179 conjiciuntur,

892 2178 919 2206 in
942 2188 986 2206 eos
1001 2188 1120 2214 rursum,
1135 2189 1149 2206 a
1162 2179 1261 2217 quibus
1282 2181 1363 2210 missa
1383 2191 1454 2222 sunt,
1473 2187 1605 2217 resiliunt.

892 2224 956 2252 Haec
969 2223 1099 2252 nimirum
1113 2224 1178 2252 artis
1195 2231 1248 2253 tuae
1264 2226 1394 2266 sapientia
1408 2237 1457 2268 est,
1475 2239 1504 2260 ut
1519 2244 1567 2272 per
1577 2245 1607 2262 ea

893 2268 963 2296 mala
978 2278 1037 2306 quae
1052 2268 1104 2296 tibi
1119 2269 1280 2307 inferuntur,
1289 2282 1343 2309 eos,
1355 2284 1370 2301 a
1380 2274 1478 2312 quibus
1489 2277 1607 2308 inferun-

893 2319 946 2352 tur,
963 2313 1111 2351 ulciscaris,
1126 2322 1151 2343 et
1165 2326 1212 2354 per
1229 2316 1341 2347 insidjas
1357 2330 1415 2357 quae
1431 2322 1480 2350 tibi
1495 2334 1607 2364 compa-

894 2366 995 2395 rantur,
1009 2370 1052 2388 eos
1073 2360 1119 2398 qui
1141 2361 1243 2390 bellum
1265 2363 1315 2392 tibi
1340 2365 1474 2404 indicunt,
1496 2380 1608 2400 moerore

894 2405 1010 2441 afficias,¹
1022 2406 1216 2445 amplissimam
1239 2408 1340 2438 scilicet
1355 2411 1535 2451 adipiscendae
1547 2428 1608 2445 ma—

859 2446 877 2469 13
891 2450 958 2490 joris
970 2451 1062 2489 gloriae
1076 2458 1190 2490 segetem
1201 2453 1301 2483 habens
1323 2455 1432 2486 illorum
1451 2459 1607 2498 improbita-

896 2503 960 2524 tem.
989 2498 1057 2533 Quae
1080 2507 1143 2525 cum
1157 2504 1182 2526 et
1203 2508 1337 2538 comperta
1352 2501 1460 2539 habeas,
1483 2512 1507 2533 et
1521 2508 1608 2546 reipsa

897 2542 1050 2582 persentias,
1065 2553 1116 2571 non
1130 2543 1177 2571 abs
1192 2554 1220 2572 re
1229 2545 1349 2574 fabulam
1365 2547 1421 2576 haec
1437 2551 1526 2579 omnia
1535 2563 1606 2581 nun-

898 2597 988 2627 cupas.
1014 2587 1119 2624 Quidni
1134 2588 1213 2625 enim,
1229 2600 1327 2628 quaeso,
1348 2592 1607 2660 sabulaipbappelles,

1466 2646 1489 2661 )-
