1843 2810
216 150 286 185 610
554 159 582 182 S.
609 157 748 182 JOANNIS
774 155 954 180 CHRYSOST.
987 156 1142 180 ARCHIEP.
1171 159 1439 183 CONSTANTINOP-

222 230 313 248 omnes
341 218 442 257 ubique
466 217 618 247 terrarum?
644 217 738 255 Neque
767 222 840 244 tanto
863 215 939 253 lapsu
993 216 1152 256 ὑπέραντλον
1175 218 1204 246 τὸ
1223 220 1312 247 πλοῖον
1335 218 1442 257 γε’γονε,
1463 217 1625 258 ναυαγούοτης
1649 219 1758 254 ἐκείνης,

223 265 350 305 temporis
374 265 432 304 ejus
456 263 583 292 memoria
608 262 745 291 intermori
769 261 872 300 potuit,
896 259 942 288 sed
994 261 1119 300 φεύγοντα
1133 262 1166 291 τὰ
1184 262 1306 301 κύματα,
1325 264 1369 292 καὶ
1389 264 1433 292 ἐπὶ
1448 263 1495 298 τὴν
1510 263 1617 302 στερεὰν
1636 266 1683 298 τῆς
1706 275 1758 291 σω.

223 312 291 351 ipsis
312 311 393 350 regiis
417 310 580 349 imaginibus
601 309 760 337 illustriores
776 318 807 335 ac
829 307 942 334 diutur-
996 307 1124 346 φροσύνης
1147 308 1244 348 πέτραν
1264 309 1409 349 τρέχοντα,
1429 309 1521 338 καὶτὰ
1545 309 1638 347 ἱμάτια
1659 310 1685 337 ἐν
1705 313 1762 341 ταῖς

225 359 312 386 niores
324 357 432 387 virtutis
447 357 503 396 ejus
514 363 539 384 et
553 355 681 384 eastitatis
697 353 827 391 imagines
844 352 946 390 ubique
997 353 1096 388 ἐκείνης
1111 355 1344 392 καταλιμπάνοντα
1355 355 1445 395 χερσὶ,
1460 355 1505 384 καὶ
1515 357 1566 383 τῶν
1579 354 1624 387 τὰς
1638 355 1762 394 πορφυρί-

226 410 357 432 terrarum
371 410 432 431 sunt
446 403 554 442 positae,
572 403 597 430 in
621 403 816 435 Romanorum,
837 399 864 426 in
879 398 944 426 bar·
999 399 1044 431 δας
1064 399 1293 438 περιῧεὸλημένων
1313 401 1494 440 λαμπρότερον
1519 402 1543 429 ἐν
1567 403 1598 439 τῇ
1621 399 1764 438 γυμνότητι

224 452 351 480 barorum
367 449 484 488 regione,
501 449 529 477 in
544 447 757 485 uniuscujusque
773 445 945 480 conscientia,
1000 444 1163 483 φαινόμενον,
1180 446 1224 474 καὶ
1238 447 1356 486 καθάπερ
1369 446 1477 485 ἀριστέα
1495 446 1552 474 τινὰ
1568 446 1613 474 καὶ
1627 447 1766 485 τροπαιοῦ-

227 496 255 524 in
270 497 400 535 cujusque
415 495 519 533 lingua.
543 493 578 521 Et
600 493 735 520 intuemur
759 491 836 519 illum
858 501 948 519 omnes
999 501 1045 528 χον
1065 490 1183 528 φαιδρὸν,
1203 491 1233 519 τὸ
1253 491 1377 529 τρόπαιον
1398 493 1510 520 ἱστῶντα
1528 493 1574 525 τῆς
1591 490 1766 530 σιιιιρροσύνης.

228 541 352 578 detineri,
364 540 460 580 premi,
475 539 613 568 consulere
625 537 729 566 miserae
742 544 767 565 et
779 537 947 564 infortunata:
1002 535 1054 563 Καὶ
1070 535 1127 564 οὐδὲ
1148 536 1173 563 ἐν
1195 536 1294 569 τούτοις
1313 536 1477 574 καταλύομεν
1495 536 1543 571 τὴν
1567 537 1682 574 μνήμην,
1698 535 1767 564 ἀλλὰ

229 587 270 619 illi
279 586 411 615 meretrici
424 596 482 623 quse
496 584 625 623 oportuit,
637 583 672 611 ad
681 583 795 611 salutem
807 583 864 621 ejus
873 589 950 610 tuen-
1002 580 1148 620 περαιτέρω
1164 582 1295 620 προϊόντες
1306 604 1313 617 ,
1325 583 1425 620 ὁρῶμεν
1438 582 1512 610 αὐτὸν
1525 582 1603 609 πάλιν
1619 583 1654 614 εἰς
1667 582 1767 619 δεσμω-

228 632 302 670 dam,
316 631 386 660 omni
405 641 514 659 munere
528 641 576 658 suo
588 636 657 657 reete
671 628 761 667 fungi,
778 627 950 667 impudentia)
1003 626 1091 666 τῆριον
1118 627 1296 665 ἀπαγόμενον,
1327 627 1473 664 δεδεμένον,
1503 629 1662 665 αὐχμῶντα,
1688 626 1768 655 πολὺν

230 677 315 716 ipsius
328 676 459 716 pudorem
474 675 593 713 injicere,
610 675 745 703 fornacem
769 674 948 712 exstinguere,
968 676 985 698 E
1003 673 1055 700 ἐκεῖ
1071 671 1214 710 τηκόμενον
1235 673 1337 711 χρόνον.
1356 673 1408 701 Καὶ
1422 672 1464 700 διὰ
1475 675 1557 700 ταῦτα
1574 672 1687 710 μάλιστα
1706 674 1769 700 Οαυ-

231 733 265 750 ex
285 722 435 761 periculosa
460 727 615 760 tempestate
635 720 738 759 eripere
760 719 860 755 conari,
872 726 951 757 atque
1003 717 1118 755 μάζομεν
1134 717 1213 746 πάλιν
1229 718 1315 754 αὐτὸν,
1340 717 1528 757 μακαρίζομεν,
1554 717 1769 755 ἐκπληττόμεθα,

231 768 266 795 ad
280 767 481 805 tranquillitatis
496 773 605 805 portum
620 764 871 793 deduceretdeinele
885 775 950 802 quo·
1002 763 1165 800 ἐπαινοῦμεν.
1182 763 1237 791 Κᾶν
1253 763 1362 802 σώφρων
1384 775 1422 795 τις
1443 759 1476 801 ᾗ,
1501 765 1593 791 ἐννοῶν
1617 763 1692 790 αὐτὸν
1715 774 1768 791 σω-

232 812 305 840 niam
319 812 436 851 procella
447 811 631 850 superabat,ct
644 810 769 838 fluetibus
782 809 951 848 operiebatur
1003 808 1169 847 φρονέστερος
1185 808 1298 847 γίνεται·
1315 809 1362 836 κᾶν
1378 809 1537 842 ἀκόλαστος,
1554 808 1645 846 τάχιον
1660 809 1696 846 τῷ
1711 808 1767 842 διη-

233 857 381 895 navigium,
394 867 455 885 cum
470 857 640 895 naufragium
659 855 705 883 illa
719 855 828 891 faceret,
842 854 950 893 procel—
1003 855 1102 892 γήματι
1123 855 1187 893 πρὸς
1210 855 1376 893 σωφροσύνην
1400 855 1567 892 μεθίσταται,
1587 854 1631 882 καὶ
1655 854 1705 882 ὑπὸ
1724 855 1770 888 τῆς

234 904 287 932 lam
303 904 414 939 evitare,
429 910 508 941 atque
527 903 561 931 ad
575 902 699 930 stabilem
714 901 843 929 castitatis
857 911 951 940 rupem
1003 899 1118 938 ἱστορίας
1138 899 1252 937 ἀμείνων
1270 901 1434 929 καθίσταται.
1449 901 1542 928 Ταῦτα
1562 899 1644 928 τοίνυν
1666 899 1771 927 ἅπαντα

235 948 412 986 confugiendo
425 955 511 977 vestes
522 948 548 975 in
564 947 688 975 manibus
701 947 774 974 illius
784 946 952 984 derelinque-
1004 945 1172 983 ἁναλέγοντες
1182 968 1188 980 ,
1205 945 1286 982 μηδὲν
1298 945 1445 984 ῡορυὸεῖσοε
1456 968 1463 980 ,
1483 945 1550 973 ἀλλὰ
1564 945 1608 973 καὶ
1624 944 1770 983 κερδαίνετε

236 1005 273 1030 re,
282 994 372 1031 sicque
385 993 411 1021 in
423 993 469 1021 illa
479 993 599 1021 nuditate
610 992 664 1020 illis
678 992 723 1030 qui
738 991 880 1030 purpureis
892 998 952 1020 sunt
1005 991 1035 1018 ἐκ
1049 992 1100 1018 τῶν
1113 991 1254 1028 γινομένων
1265 1003 1271 1008 ·
1285 991 1329 1019 καὶ
1340 994 1356 1025 ἡ
1372 993 1423 1019 τῶν
1439 990 1584 1019 ἀθλούντων
1599 990 1718 1027 ὑπομονὴ
1732 1001 1772 1028 γι-

237 1039 400 1067 indumentis
426 1038 532 1074 amicti,
562 1037 735 1066 illustriorem
759 1048 898 1076 apparere,
923 1047 953 1065 ac
1005 1036 1087 1065 νέσΟω
1111 1037 1248 1075 καρτερίας
1272 1039 1332 1074 ὑμῖν
1358 1037 1511 1068 διδάσκαλος
1522 1059 1529 1072 ,
1551 1036 1595 1064 καὶ
1620 1036 1706 1064 πάντα
1728 1036 1772 1064 τὸν

238 1092 375 1122 tamquam
396 1084 551 1112 bellatorem
572 1082 714 1120 quemdam
729 1082 859 1110 eximium
874 1089 953 1119 atquc
963 1107 999 1124 5¹2
1009 1082 1062 1120 βίον
1082 1084 1133 1110 τῶν
1154 1082 1277 1121 γενναίων
1297 1082 1341 1110 καὶ
1364 1083 1469 1122 ὑψηλῶν
1486 1082 1585 1120 ἀνδρῶν
1600 1083 1708 1120 ὁρῶντες
1731 1080 1774 1109 διὰ

238 1130 367 1158 victorem
385 1136 515 1167 tropceum
537 1128 638 1165 erigere
653 1127 789 1156 castitatis.
803 1127 855 1155 Sed
870 1138 954 1164 neque
971 1134 990 1156 Α
1007 1127 1128 1156 τοιούτων
1153 1127 1333 1166 ὑφαινόμενον,
1352 1127 1388 1165 μὴ
1407 1130 1543 1166 συγχιεῐσῡε
1554 1150 1561 1163 ,
1586 1126 1652 1164 μηδὲ
1672 1126 1773 1165 ταράτ-

1006 1176 1096 1207 τεσΟε,
1120 1173 1188 1210 μήτε
1211 1177 1264 1205 τοῖς
1287 1173 1375 1208 ἰδίοις,
1402 1174 1468 1210 μήτε
1489 1177 1542 1205 τοῖς
1565 1176 1658 1204 κοινοῖς
1684 1183 1775 1210 πειρα-

238 1231 298 1249 rum
316 1219 428 1248 ulterius
450 1219 649 1258 progredientes
672 1218 761 1257 ipsum
783 1218 808 1246 iu
824 1228 954 1246 carcerem
1008 1222 1092 1256 σμοῖς·
1107 1218 1151 1246 καὶ
1164 1218 1214 1257 γὰρ
1227 1218 1272 1246 καὶ
1282 1221 1298 1253 ἡ
1310 1217 1460 1253 Ἰἰκκλησία
1470 1217 1495 1250 ἐξ
1510 1219 1593 1257 ἀρχῆς
1604 1217 1685 1250 οὕτως
1695 1216 1775 1256 ἐτρά-

238 1265 335 1294 abduci
352 1265 486 1302 videmus,
501 1265 608 1299 vinciri,
624 1264 748 1302 squalore
764 1263 878 1299 sordere,
893 1263 955 1292 diu-
1009 1276 1059 1303 φη,
1076 1264 1158 1296 οὕτως
1172 1263 1282 1298 ηὐξήθη.
1299 1263 1388 1298 Μηδὲν
1406 1259 1449 1291 οὖν
1468 1263 1594 1296 ξενίζεσθε
1606 1274 1612 1280 ·
1632 1262 1702 1291 οὐδὲν
1725 1261 1776 1301 γὰρ

238 1319 317 1339 turno
333 1311 390 1338 illic
405 1318 523 1350 tempore
539 1310 730 1338 contabescere.
752 1312 838 1347 Atque
851 1310 885 1337 ob
900 1309 956 1336 liaec
1009 1311 1115 1342 ἀπεικὸς
1128 1310 1241 1348 γέγονεν.
1255 1309 1324 1337 Ἀλλ’
1342 1308 1433 1349 ὥσπερ
1444 1310 1488 1337 ἐπὶ
1501 1311 1552 1337 τῶν
1575 1309 1714 1346 βιωτικῶν,
1732 1309 1778 1336 οὐκ

240 1357 297 1395 ipsa
313 1357 431 1385 maxime
445 1357 522 1385 illum
538 1357 635 1385 iterum
649 1355 876 1391 commendamus,
889 1365 957 1393 prae-
1009 1355 1069 1384 ἔνθα
1087 1356 1174 1394 ἄχυρα
1193 1355 1237 1383 καὶ
1251 1354 1358 1394 χόρτος,
1373 1354 1430 1383 οὐδὲ
1449 1354 1508 1383 ἔνθα
1525 1354 1626 1392 ἄμμος,
1641 1355 1699 1382 ἀλλ’
1717 1354 1778 1382 ἔνθα

140 1402 372 1440 Josephidieamus,
390 1403 531 1439 miramur,
552 1401 706 1429 laudamus.
725 1400 806 1436 Quod
827 1400 848 1427 si
870 1407 956 1428 castus
1008 1400 1115 1441 χρυσίον
1131 1401 1176 1429 καὶ
1193 1404 1369 1439 μαργαρῖται,
1384 1401 1437 1428 ἐκεῖ
1452 1399 1573 1439 πειραταὶ
1586 1398 1631 1427 καὶ
1648 1410 1779 1428 καταπον-

91 1443 216 1494 ⁸¹⁰¹¹¹P¹¹¹T
242 1447 275 1476 sit
293 1448 436 1486 quispiam,
460 1458 521 1475 cum
544 1446 578 1474 de
596 1446 643 1474 illo
666 1445 775 1483 cogitat,
791 1444 890 1472 castior
905 1445 955 1473 fit:
1008 1446 1095 1475 τισταὶ
1108 1446 1152 1474 καὶ
1163 1446 1258 1485 λῃσταὶ
1274 1445 1318 1473 καὶ
1332 1445 1490 1484 τοιχωρύχοι
1511 1447 1626 1482 συνεχῶς
1644 1445 1778 1482 ἐνοχλοῦσι

91 1482 157 1503 quam
169 1479 200 1495 uu
211 1482 231 1494 e.
242 1493 315 1532 quod
327 1493 349 1521 si
364 1493 491 1529 lascivus,
508 1492 559 1520 cito
576 1491 621 1519 illa
637 1491 789 1519 narratione
803 1490 837 1518 ad
851 1491 957 1519 castita-
1010 1493 1054 1521 καὶ
1069 1491 1294 1520 ἐπιὲουλεύουσιν·
1308 1490 1374 1519 οὕτω
1389 1491 1433 1519 καὶ
1444 1493 1457 1518 ὁ
1472 1490 1592 1521 διάὸολος
1611 1489 1672 1517 ἔνθα
1691 1489 1721 1517 ἂν
1735 1489 1778 1528 ἴδῃ

243 1546 295 1567 tem
311 1539 470 1573 traducitur,
485 1538 611 1575 illiusque
626 1536 744 1565 historia}
767 1547 958 1564 commemora·
1009 1540 1119 1567 πλοῦτον
1136 1538 1309 1576 συναγόμενον
1330 1537 1374 1566 τὸν
1395 1536 1463 1565 κατὰ
1484 1536 1581 1574 ψυχὴν,
1595 1535 1640 1563 καὶ
1655 1534 1778 1573 εὐπορίαν

243 1585 313 1613 tione
335 1585 429 1613 melior
452 1583 583 1612 redditur.
599 1583 661 1611 Haec
684 1582 767 1620 igitur
781 1582 868 1610 omnia
884 1582 958 1610 colli·
1011 1584 1142 1616 εὐσεὸείας
1157 1583 1363 1620 ἐπιτεινομένην,
1382 1584 1435 1611 ἐκεῖ
1447 1583 1480 1611 τὰ
1497 1581 1677 1620 μηχανήματα
1691 1581 1780 1616 ἵστησι

244 1637 332 1668 gentes
362 1630 444 1658 nolite
469 1629 583 1665 turbari,
607 1628 655 1656 sed
676 1628 765 1667 potius
788 1639 821 1656 cx
842 1628 875 1656 iis
900 1639 958 1666 qua}
1011 1630 1054 1658 καὶ
1075 1629 1211 1668 προσάγει.
1225 1628 1293 1656 Ἀλλ’
1309 1627 1353 1656 ἐὰν
1369 1630 1392 1656 οἱ
1407 1626 1634 1664 ἐπιδουλευόμενοι
1654 1626 1781 1665 νήφωσιν,

244 1676 370 1704 accidunt
385 1676 490 1703 lucrum
505 1674 657 1713 decerpite,
674 1674 760 1712 sitque
775 1674 852 1702 vobis
866 1684 957 1702 eorum
978 1683 995 1705 Β
1011 1677 1038 1703 οὐ
1053 1675 1129 1713 μόνον
1141 1674 1212 1703 οὐδὲν
1224 1676 1393 1702 ἐλαττοῦνται
1404 1676 1528 1709 ἐντεῦθεν,
1539 1671 1607 1701 ἀλλὰ
1618 1672 1663 1700 καὶ
1676 1671 1780 1710 μείζονα

245 1722 390 1761 patientia,
412 1720 458 1759 qui
479 1721 625 1756 decertant,
644 1720 790 1748 tolerantia:
814 1719 957 1757 magistra3
1012 1721 1054 1750 τὸν
1078 1723 1188 1749 πλοῦτον
1209 1722 1256 1755 τῆς
1277 1721 1372 1760 ἀρετῆς
1390 1718 1558 1758 συνάγουσιν·
1581 1718 1594 1747 ὃ
1616 1717 1647 1754 δὴ
1670 1717 1714 1747 καὶ
1736 1719 1780 1746 νῦν

246 1767 364 1805 dumque
377 1767 461 1796 vitam
476 1776 579 1794 omnem
596 1775 782 1804 generosorum
804 1771 883 1802 atque
898 1765 961 1793 illu-
1014 1766 1115 1805 γέγονε.

247 1812 343 1841 strium
358 1812 478 1841 virorum
494 1811 601 1839 cernitis
611 1821 643 1838 cx
654 1810 697 1838 his
706 1810 830 1838 omnibus
838 1820 893 1838 esse
902 1820 962 1838 eon-

247 1857 352 1893 ssatam,
374 1868 406 1885 ne
431 1856 594 1892 terreamini,
620 1865 704 1893 neque
725 1855 885 1891 turbemini,
907 1855 964 1884 sive

247 1903 373 1942 propriis,
392 1902 449 1931 sive
464 1901 558 1930 alienis
572 1900 764 1929 afflictionibus
776 1912 781 1927 ε
794 1911 856 1928 nam
868 1900 963 1929 Eccle-

247 1949 286 1977 sia
298 1949 332 1977 ab
344 1948 420 1976 initio
435 1948 473 1976 sic
485 1947 594 1983 nutrita,
605 1946 643 1974 sie
659 1952 736 1974 aucta
749 1952 797 1974 est.
813 1945 890 1974 Nihil
902 1956 964 1984 ergo

247 2006 296 2023 vos
317 1993 503 2022 terreat:nihil
525 1992 596 2021 enim
615 1991 712 2020 accidit
732 1998 827 2030 praeter
849 2002 961 2019 morem.

249 2040 302 2069 Sed
317 2039 385 2068 sieut
401 2039 426 2066 iu
442 2039 520 2066 rebus
535 2037 679 2065 mundanis
701 2047 752 2065 non
768 2036 815 2064 ubi
833 2044 895 2064 sunt
914 2047 963 2075 pa-

250 2086 296 2113 leit¹
311 2085 354 2113 vel
368 2085 479 2118 foenum,
492 2094 539 2111 nec
555 2083 601 2111 ubi
613 2093 700 2115 arena,
716 2081 761 2110 sed
775 2081 819 2109 ubi
832 2093 929 2110 aurum
940 2089 966 2110 et

251 2129 371 2164 uniones,
385 2129 540 2167 illiepiratae
555 2134 625 2161 sunt,
640 2127 788 2166 przedones,
803 2134 827 2155 et
842 2127 965 2165 latrones,

252 2182 277 2203 et
291 2184 427 2202 murorum
442 2174 601 2212 perfossores
616 2173 765 2210 frequenter
779 2173 882 2201 molesti
895 2180 966 2210 sunt,

253 2228 277 2249 et
294 2219 404 2248 insidias
419 2219 573 2257 parantzsic
593 2219 674 2247 etiam
689 2218 824 2253 diabolus,
840 2218 886 2246 ubi
905 2219 965 2247 col-

253 2267 334 2295 lectas
357 2264 454 2293 viderit
475 2275 537 2303 opes
552 2264 658 2300 animae,
673 2275 704 2292 ac
723 2264 860 2292 facultates
875 2271 967 2293 auctas

255 2310 372 2350 pietatis,
387 2309 442 2337 illie
464 2319 524 2336 suas
547 2309 683 2337 machinas
704 2309 772 2337 sistit
788 2316 813 2337 et
833 2309 966 2339 admovet.

255 2356 335 2392 Quod
349 2355 380 2392 si,
394 2354 492 2393 quibus
504 2353 608 2381 insidia:
624 2360 760 2392 parantur,
775 2354 792 2381 ii
803 2355 899 2392 vigiles
913 2356 967 2384 fuc-

255 2403 306 2431 rint
326 2408 351 2429 et
371 2400 473 2435 attenti,
489 2409 540 2427 non
555 2398 634 2427 modo
655 2399 725 2426 nihil
746 2399 807 2427 inde
829 2400 968 2438 patiuntur

255 2446 416 2481 detrimenti,
432 2445 478 2473 sed
498 2451 523 2473 et
543 2444 685 2483 ampliores
706 2444 769 2472 inde
782 2444 891 2473 virtutis
906 2456 968 2485 opes

257 2492 426 2522 accumulant
435 2502 440 2518 ε
449 2489 521 2530 quod
535 2489 680 2518 etiamnum
693 2490 788 2518 evenit.

99 2545 248 2568 «mxxut.
302 2541 386 2576 Atque
404 2537 456 2566 hoc
469 2535 619 2565 maximum
637 2534 765 2564 indicium
781 2535 908 2566 ubertatis
920 2537 969 2566 ho-

119 2579 241 2598 Maximum

237 1174 280 1203 his
302 1174 434 1202 limitibus
450 1174 505 1212 ejus
522 1173 677 1201 memoriam
703 1172 885 1205 terminamus,
902 1183 951 1200 ve-

1063 2538 1115 2568 Καὶ
1131 2538 1250 2576 μέγιστον
1265 2537 1295 2566 ἄν
1308 2548 1345 2569 τις
1358 2539 1433 2566 τοῦτο
1445 2539 1551 2574 σημεῖον
1564 2535 1607 2564 καὶ
1619 2537 1663 2564 τοῦ
1676 2535 1786 2564 πλούτου
