1830 2829
635 207 666 229 ΙΝ
697 205 823 229 ΙΙΙ-’.ΜΛΝ
851 205 893 228 ΕΤ
921 204 1068 228 vmuni.

84 271 127 301 ἵνα
142 270 179 310 μὴ
195 271 237 300 τὸν
252 270 279 299 ἐν
293 270 411 309 πτωχείᾳ
425 270 509 303 ζῶντα
524 268 611 299 ἄθλιον
622 269 667 297 καὶ
679 269 797 304 ἐλεεινὸν,
808 268 850 296 ἵνα

87 316 172 355 μάθῃς
196 316 242 352 τὴν
257 315 402 350 Ἰουδαϊκῆν
416 315 552 354 πονηρίαν.
567 314 645 347 Ἔθος
665 314 716 353 γὰρ
737 315 774 352 τῷ
788 315 850 352 Θεῷ

86 362 208 399 μέλλοντι
229 361 358 396 κολάζειν,
383 361 427 390 καὶ
443 363 506 397 ἡμῖν
531 361 714 398 ἀπολογεῖσθαι
731 359 774 388 διὰ
798 360 849 386 τῶν

84 406 246 444 πραγμάτων
262 408 360 435 αὐτῶν·
374 407 416 435 ἵνα
434 406 470 444 μὴ
483 406 549 443 μετὰ
564 409 648 434 ταῦτα
661 404 720 434 ἰδὼν
735 404 778 433 ’τὸν
794 416 850 432 κοι-

84 451 126 479 νὸν
139 452 260 480 ἁπάντων
277 453 390 490 Σωτῆρα
404 452 477 491 παρὰ
491 453 537 489 μὲν
551 451 655 480 ἐκείνων
671 450 850 486 ἐλαυνόμενον,

84 496 155 534 παρὰ
173 497 199 526 δὲ
210 499 261 526 τῶν
278 499 356 526 ἐθνῶν
371 498 571 536 ὑποδεχόμενον,
584 496 717 534 θαυμάζῃς
729 494 772 523 καὶ
789 495 849 522 δια-

83 543 179 579 πθρῇς,
201 542 297 571 ἄνωθεν
315 545 399 571 αὐτων
416 543 462 577 τὴν
478 541 666 580 ἀγνωμοσύνην
678 539 849 577 καταμαθὼν,

82 597 127 613 και
142 587 176 619 ὡς
191 586 245 620 ἔθος
257 589 343 621 αυτοῖς
358 600 416 621 τους
440 587 575 626 εὐερνέτας
589 587 722 615 ἐλαύνειν·
746 585 788 613 ι’να
812 585 847 622 ιι),

83 631 192 670 νομίσῃς
206 633 295 670 ωμόττ
293 645 341 667 ,τος
361 629 426 662 εἶναι
439 637 483 662 τοῦ
496 644 628 672 προφητου
644 644 690 666 την
703 630 792 669 εὐχὴν,
804 630 849 658 καὶ

84 675 130 711 τὴν
147 678 195 711 τῆς
218 678 345 718 τιμωρίας
360 679 447 718 παρᾶτ
438 691 517 715 .ασιν,
537 678 604 706 ἀλλὰ
629 678 706 712 ζηλου
722 676 789 704 θειου
804 687 849 704 και

83 722 255 761 κηδεμονίας·
270 723 312 753 ἵνα
328 725 413 763 μάθῃς
426 725 466 753 ὅτι
489 726 514 753 ἐν
529 728 582 757 τοῖς
605 723 735 761 μεγίστοις
749 733 848 761 κατορ-

58 809 61 812 ἱ
83 766 187 805 θώμασι
208 769 252 797 καὶ
270 774 452 809 σωφρονισμοῦ
472 771 547 808 ἡμῶν
562 771 578 804 ἡ
594 769 667 808 φύσις
692 769 787 796 δεῖται·
808 778 848 795 ινα

85 812 121 850 μὴ
134 815 365 852 παρακαλούμενος
386 817 421 848 εἷς
437 827 479 844 τον
493 816 568 844 αὐτὸν
582 827 627 843 του
648 813 752 853 προφήτ
743 825 782 841 ου
800 814 847 846 ζῆ·
859 838 895 857 ³³7

82 859 136 894 λον,
150 859 274 888 ἀδύνατον
289 863 354 889 εἰναι
367 861 476 899 νομίσῃς
494 861 541 896 τὴν
558 860 678 899 μίμησιν.
694 855 776 888 Etmv
789 872 849 900 περι
869 868 886 888 Α

82 906 129 939 τῆς
149 905 248 944 χήρας,
271 908 326 939 πι3ς
340 908 366 935 ἐν
388 907 503 945 τοσαύτῃ
530 906 692 946 στενογωρία
708 901 791 941 οὖσα,
805 909 850 934 τοῦ

82 950 160 987 λιμοῦ
182 951 437 989 καταναγκαζοντος,
452 952 510 981 οὐδε
526 953 599 991 ῥῆμα
613 952 728 1006 mprvv.
720 952 784 990 πρὸς
806 950 849 979 τὸν

82 995 218 1034 προφήτην
231 996 350 1033 eziens,
363 998 448 1026 καίτοι
464 1010 493 1036 γε
504 998 570 1030 εἰκὸς
585 1001 631 1032 ἦν·
646 1009 690 1026 και
704 997 789 1030 ἔδειξα
805 1008 850 1025 και

82 1052 158 1069 τουτο
176 1043 205 1070 ἐκ
231 1045 284 1071 τῶν
301 1043 451 1072 Ιουδαϊκῶν
480 1054 672 1082 φρονηματων·
690 1044 748 1071 ἀλλ’
778 1054 821 1071 ου’,
812 1042 849 1071 ὲν

81 1089 196 1116 τοιοῦτον
211 1087 305 1117 ἔπαθεν
320 1088 422 1124 ἐκείνη,
436 1088 504 1117 ἀλλὰ
520 1088 586 1126 μετὰ
598 1088 684 1123 πάσης
700 1088 775 1116 αὐτὸν
792 1087 849 1116 ἐδέ-

83 1131 144 1164 ξατο
163 1133 351 1172 φιλοφροσύνης
362 1156 370 1168 ,
384 1134 429 1162 καὶ
445 1134 491 1169 τὴν
512 1134 602 1163 πενίαν
624 1134 728 1162 ἅπασαν
745 1134 779 1164 εἰς
802 1131 849 1166 τὴν

82 1177 180 1206 ἐκείνου
200 1178 279 1216 τιμὴν
295 1179 422 1215 ἐκένωσε,
444 1180 489 1208 καὶ
504 1179 619 1208 Σιδωνία
634 1176 698 1208 οὖσα
713 1179 757 1207 καὶ
773 1178 849 1207 ἄλλο’-

82 1224 159 1261 φυλος
170 1244 178 1257 ,
199 1224 243 1252 καὶ
258 1224 316 1252 οὔτε
331 1226 383 1252 τῶν
397 1228 538 1264 προφητῢν
561 1225 769 1264 φιλοσοτιούντων
790 1237 851 1262 περι

82 1269 257 1306 ἑλεημοσύνης
283 1271 401 1307 ἤκουσεν,
420 1283 464 1299 ουτ
504 1274 549 1300 τοῦ
574 1272 688 1310 Χριστου
714 1271 751 1299 λέ
732 1282 850 1318 :sev-roc,

82 1315 218 1345 Πεινῶντοί
242 1329 274 1355 με
296 1317 393 1352 εἴδετε,
419 1289 478 1345 nal:
486 1317 543 1356 εθρέ
545 1319 620 1356 ᾇατε.
643 1317 692 1349 Τίς
719 1320 761 1345 οὖν
785 1319 849 1353 ημῖν

81 1360 154 1389 ἔσται
180 1362 339 1400 συγγνώμη,
360 1363 382 1390 εἷ
408 1362 475 1400 μετα
489 1362 610 1395 τοιαύτας
625 1362 806 1402 παραινέσεις,
828 1364 849 1390 εἷ

82 1406 149 1445 μετὰ
177 1407 300 1436 τοιούτων
325 1409 444 1438 ἐπάθλων
477 1409 629 1447 ὑπόσχεσιν,
661 1410 683 1437 εἰ
709 1408 776 1446 μετὰ
800 1409 848 1443 τὴν

82 1452 217 1490 βασιλείαν
232 1456 282 1482 τῶν
297 1455 422 1492 οὐρανῶν,
439 1454 475 1492 μὴ
498 1454 644 1493 φθάσαιμεν
658 1455 722 1493 πρὸς
743 1455 772 1483 τὸ
786 1455 850 1483 αὐτὸ

80 1500 113 1536 τῇ
127 1498 199 1538 χήρᾳ
220 1501 266 1533 τ’ῆς
285 1499 472 1538 φιλοφροσύνης
489 1499 600 1539 μέτρον,
613 1500 718 1535 Ἐκείνη
735 1499 781 1538 μὲν
799 1499 849 1538 γὰρ

81 1544 126 1572 καὶ
141 1544 255 1572 Σιδωνία
269 1541 312 1580 ἦν,
329 1546 374 1574 καὶ
386 1545 543 1584 ἀλλόφυλος,
559 1545 603 1574 καὶ
617 1545 682 1584 γυνὴ
702 1546 772 1585 χήρα
787 1569 794 1580 ,
805 1546 850 1573 καὶ

80 1589 181 1619 παίδων
204 1591 356 1629 ἐπεμελεῖτο
383 1592 497 1625 πολλῶν,
520 1591 565 1620 καὶ
588 1591 663 1629 λιμὸν
689 1591 850 1620 ἐπικίνδυνον

82 1635 151 1675 ἑώρα
174 1636 220 1664 καὶ
251 1637 361 1665 θάνατον
387 1636 614 1676 προσδοκώμενον,
639 1636 684 1665 καὶ
713 1637 849 1676 ἄνθρωπον

82 1681 186 1719 ἀγνῶτα
199 1683 371 1721 ὑποδέχεσθαι
388 1683 482 1721 ἔμελλε
505 1682 604 1711 καὶτὸν
623 1683 787 1721 ἐπαγαγόντα
805 1683 848 1712 τὸν

81 1727 167 1764 λιμὸν,
187 1729 232 1757 καὶ
253 1729 309 1757 οὐδὲ
333 1729 414 1761 οὕτως
435 1729 556 1767 ἐφείσατο
576 1731 622 1763 τῆς
643 1728 752 1767 δρακός·
773 1732 849 1766 ἡμεῖς

82 1773 109 1801 δὲ
132 1773 177 1802 καὶ
199 1774 359 1813 προφητείας
383 1776 588 1814 μετεσχηκότες,
607 1774 652 1803 καὶ
674 1777 765 1804 θεϊκῶν
781 1778 849 1804 ἀπο-

83 1818 203 1852 λαύοντες
217 1820 395 1858 διδαγμοίτων,
406 1821 451 1849 καὶ
462 1821 547 1850 πολλὰ
559 1822 620 1860 περὶ
633 1824 684 1850 τῶν
701 1822 848 1859 μελλόντων
866 1828 884 1851 C

84 1866 230 1904 φιλοσοφεῖν
248 1865 366 1904 ἔχοντες,
390 1867 434 1895 καὶ
453 1866 510 1895 οὐδὲ
526 1867 603 1905 λιμὸν
625 1869 734 1906 ὁρῶντες
748 1866 849 1896 ἐπικεί-

84 1921 170 1947 μενον,
199 1911 243 1939 καὶ
261 1911 327 1940 πολὺ
344 1912 452 1940 πλείονα
472 1914 627 1951 κεκτημένοι
641 1916 687 1948 τῆς
714 1916 850 1954 γυναικὸς,

83 1955 160 1984 ποίαν
179 1956 342 1994 δυνησόμεθα
357 1957 499 1996 ἀπολογίαν
510 1959 689 1997 προῧαλέσθαι
704 1960 850 1998 φειδόμενοι

82 2003 134 2029 τῶν
147 2001 238 2035 ὄντων,
260 2013 305 2029 και
323 2004 370 2036 τῆς
390 2003 489 2030 ἑαυτῶν
515 2003 646 2042 σωτηρίας
667 2006 849 2043 ἀφειδοῖντες·
842 2029 850 2040 ,

83 2045 178 2077 ‘'O-nme
201 2045 231 2073 ἂν
245 2049 287 2074 οὖν
302 2058 335 2074 τα
356 2047 460 2085 χαλεπὰ
481 2049 568 2076 ἐκεῖνα
593 2049 782 2089 κολαστήρια’
771 2050 850 2089 εκφύ-

84 2102 182 2128 γωμεν,
198 2095 286 2119 πᾶσαν
310 2091 503 2130 εὖσπλαγινίαν
526 2093 561 2125 εἷς
585 2092 643 2126 τους
663 2094 776 2130 πένητας
791 2098 845 2124 ἐπι-

85 2135 244 2173 δειξώμεθα,
270 2136 312 2165 ἵνα
339 2148 384 2165 και
406 2139 483 2175 ἡμεῖς
497 2140 547 2166 τῶν
572 2139 718 2176 μελλόντων
746 2142 849 2179 ἀγαθῶν

86 2181 298 2220 καταξιωθῶμεν,
321 2182 411 2222 χάριτι
435 2195 480 2212 και
499 2185 679 2224 φιλανθρωπία
695 2188 740 2214 τοῦ
756 2186 851 2225 Κυρίου

85 2230 160 2265 ἡμῶν
173 2227 260 2262 Ἰησοῦ
282 2229 413 2265 Χριστοῦ,
430 2231 487 2266 μεθ
504 2232 533 2257 οὗ
551 2229 612 2262 δόξα
623 2243 660 2258 τι)
685 2232 788 2271 Πατρὶ,
805 2244 850 2260 συν

87 2274 124 2301 τῶ
148 2272 215 2312 ἇγίω
236 2274 363 2312 Πνεύματ
367 2286 393 2310 ι,
419 2277 454 2308 εἷς
478 2287 536 2308 τους
557 2277 653 2309 αἰῶνας
666 2289 717 2305 των
741 2276 851 2306 αἰώνων.

87 2318 182 2357 Ἀμήν.

1549 193 1612 234 4οι

904 266 1036 296 infelicem
1050 276 1081 295 ac
1094 265 1264 294 miseratione
1277 264 1391 302 dignum
1413 274 1474 292 eum
1489 265 1535 302 qui
1551 275 1615 303 ege-

904 320 971 341 state
984 312 1170 352 premitur,'nt
1185 311 1325 341 Judaicam
1352 311 1498 349 nequitiam
1516 322 1614 349 cogno-

904 369 970 387 scas.
984 358 1035 387 Hic
1046 359 1117 387 enim
1130 357 1179 387 Dei
1194 368 1251 386 mos
1267 364 1316 393 est,
1327 368 1388 385 cum
1402 357 1564 396 supplicium
1578 364 1617 385 est

877 412 884 426 ·“
905 404 1041 441 illaturus,
1057 411 1087 433 ut
1102 405 1180 433 rebus
1196 403 1260 443 ipsis
1274 414 1301 431 se
1314 410 1527 442 purgetmeeum
1544 411 1615 442 post-

903 461 932 478 ea
945 461 1113 479 communem
1127 450 1247 478 omnium
1262 449 1428 477 salvatorem
1442 450 1566 487 rejectum
1581 449 1616 477 ab

904 496 958 524 illis
970 497 1082 530 videris,
1093 503 1118 525 et
1133 508 1147 525 a
1165 495 1288 535 gentibus
1300 501 1463 533 susceptum,
1474 493 1577 522 mireris
1591 500 1616 522 et

903 541 1020 577 dubites,
1033 554 1095 571 cum
1111 543 1195 571 multo
1209 549 1270 570 ante
1285 541 1404 580 ipsorum
1415 540 1616 579 improbitatem

905 589 1074 624 cognoveris,
1094 599 1192 626 cosque
1213 588 1279 616 bene
1296 586 1329 615 de
1346 597 1373 614 se
1387 586 1496 614 meritos
1520 596 1617 614 vexare

903 634 1087 662 consuevisse:
1099 644 1131 662 ne
1145 633 1312 663 crudelitatis
1326 643 1381 660 esse
1401 631 1540 660 arbitreris
1555 641 1617 659 ora-

904 678 1002 707 tionem
1024 680 1171 718 prophetoe,
1187 687 1266 718 atque
1288 677 1493 718 productionem
1518 687 1617 715 poenae,

903 724 949 752 sed
974 725 1022 753 zeli
1046 725 1131 754 divini
1155 736 1186 754 ac
1202 724 1394 754 sollicitudinis
1408 735 1413 751 ε
1428 730 1457 751 ut
1479 722 1567 751 discas
1589 722 1616 750 in

902 771 1029 800 maximis
1043 779 1112 800 reete
1126 772 1203 801 sactis
1215 772 1295 800 etiam
1306 769 1477 808 castigatione
1491 775 1616 797 naturam

903 823 1021 844 nostram
1037 817 1167 855 indigere:
1178 829 1209 846 ne
1221 828 1281 846 eum
1294 816 1327 845 ad
1339 815 1462 844 eumdem
1477 825 1538 843 cum
1552 824 1617 853 pro-

904 862 982 901 pheta
990 863 1075 891 zelum
1088 870 1112 891 te
1122 863 1306 898 adhortamur,
1316 862 1374 890 fieri
1383 871 1434 890 nou
1445 871 1522 900 posse
1530 866 1617 899 putes,

904 907 1023 936 utillum
1040 908 1161 938 imiteris.
1178 909 1242 937 Dixi
1258 908 1292 937 de
1310 908 1392 937 vidua
1403 930 1411 943 ,
1426 917 1479 945 quo
1494 913 1572 945 paeto
1589 905 1617 933 in

903 959 990 981 tantas
1004 955 1141 990 angustias
1155 954 1273 990 redacta,
1290 954 1359 981 same
1371 959 1490 991 cogente,
1504 961 1536 979 ne
1551 961 1617 979 ver-

904 999 968 1027 bum
984 999 1092 1037 quidem
1105 1010 1228 1039 asperum
1242 998 1372 1027 adversus
1381 997 1540 1036 prophetam
1551 995 1618 1024 emi-

903 1051 948 1078 stt,
959 1045 1064 1073 tametsi
1080 1055 1168 1073 rerum
1185 1044 1265 1073 statui
1281 1050 1485 1072 consentaneum
1497 1048 1564 1079 erat,
1574 1048 1617 1069 at-

903 1100 955 1127 que
968 1090 1018 1117 hoc
1033 1101 1066 1119 ex
1089 1090 1214 1129 superbia
1236 1090 1395 1119 Judaeorum
1409 1087 1512 1116 ostendi
1529 1099 1535 1114 :
1548 1086 1617 1114 nihil

903 1142 991 1164 tamen
1006 1135 1103 1163 horum
1119 1136 1158 1163 illi
1171 1135 1281 1171 accidit,
1297 1134 1345 1163 sed
1361 1145 1422 1163 cum
1442 1133 1526 1162 multa
1539 1132 1617 1161 illum

903 1181 1027 1210 comitate
1049 1188 1127 1219 atque
1148 1181 1315 1209 humanitate
1336 1179 1466 1218 suscepit,
1482 1185 1618 1216 totamque

903 1237 978 1255 suam
991 1233 1134 1265 egestatem
1146 1226 1172 1254 in
1187 1226 1244 1265 ejus
1259 1225 1388 1254 honorem
1401 1223 1544 1263 impendit,
1555 1234 1618 1252 cum

903 1272 1014 1301 Sidonia
1032 1279 1098 1301 esset
1113 1278 1137 1300 et
1151 1271 1310 1309 alienigena,
1327 1280 1412 1308 neque
1426 1269 1570 1308 prophetas
1584 1268 1618 1297 de

903 1319 1071 1358 eleemosyna
1103 1317 1322 1356 philosophantes
1355 1315 1499 1349 audiisset,
1532 1325 1618 1352 neque

904 1364 1042 1392 Christum
1054 1363 1196 1398 dicentem,
1205 1363 1389 1390 Esurientem
1403 1371 1447 1389 me
1457 1361 1618 1394 vidistis,et

903 1411 1030 1438 aluistis.
1038 1409 1162 1442 Quanam
1172 1408 1257 1445 igitur
1267 1406 1344 1435 venia
1353 1406 1428 1444 digni
1439 1405 1617 1439 censebimur,

903 1455 925 1483 si
940 1462 979 1483 tot
999 1454 1101 1483 auditis
1115 1452 1357 1487 cohortationibus,
1375 1451 1396 1479 si
1412 1457 1471 1490 post
1483 1457 1618 1479 tantorum

903 1500 1035 1540 promissa
1056 1499 1239 1539 praemiorum,
1258 1498 1280 1526 si
1295 1497 1431 1537 proposito
1446 1506 1528 1535 regno
1542 1496 1619 1525 caelo-

904 1557 976 1583 rum,
991 1556 1044 1574 non
1059 1545 1093 1573 ad
1115 1544 1239 1573 cumdem
1256 1554 1317 1571 cum
1338 1543 1420 1572 vidua
1446 1542 1579 1571 comitatis
1594 1549 1620 1570 et

904 1591 1080 1620 humanitatis
1105 1589 1218 1629 gradum
1245 1588 1455 1628 perveniamus?
1478 1589 1548 1616 Nam
1572 1587 1619 1615 illa

904 1637 1014 1676 quidem
1027 1636 1138 1666 Sidonia
1152 1636 1204 1664 fuit
1218 1641 1242 1663 et
1253 1634 1402 1672 alienigena
1411 1656 1418 1670 ,
1431 1640 1456 1662 et
1468 1632 1566 1661 mulier
1575 1632 1618 1662 vi-

903 1683 967 1720 dua,
976 1690 1000 1711 et
1015 1682 1162 1711 multorum
1174 1681 1215 1709 illi
1230 1687 1285 1709 erat
1299 1690 1363 1708 cura
1378 1679 1536 1714 liberorum,
1548 1678 1618 1717 peri-

903 1730 1022 1758 culosam
1033 1729 1129 1757 samem
1139 1727 1249 1756 videbat
1261 1734 1285 1755 et
1298 1734 1411 1755 mortem
1424 1727 1616 1761 imminentem,

903 1782 929 1804 et
944 1775 1081 1804 hominem
1095 1774 1217 1812 ignotum
1231 1780 1287 1801 erat
1303 1780 1445 1812 exceptura
1461 1772 1559 1810 quique
1573 1772 1616 1800 fa-

903 1832 972 1849 mem
982 1821 1127 1856 invexerat,
1135 1826 1158 1848 et
1167 1829 1199 1847 ne
1207 1818 1244 1848 sic
1252 1818 1362 1857 quidem
1373 1818 1476 1857 pugillo
1484 1817 1616 1856 pepercit:

903 1874 929 1895 at
942 1877 989 1895 nos
1000 1866 1079 1904 quiet
1093 1864 1240 1905 prophetiae
1254 1864 1397 1903 participes
1410 1863 1522 1899 fuimus,
1537 1869 1562 1891 et
1575 1862 1618 1890 di-

903 1912 974 1941 vinis
999 1911 1101 1940 exculti
1116 1909 1301 1948 dogmatibus,
1316 1909 1363 1946 qui
1378 1908 1412 1936 de
1425 1908 1505 1936 rebus
1519 1908 1617 1936 suturis

903 1967 1045 1997 possumus
1069 1954 1265 1994 philosophari,
1282 1963 1368 1990 neque
1381 1953 1478 1980 samem
1493 1952 1618 1981 videmus

903 2003 1056 2037 instantem,
1068 2007 1093 2029 et
1103 1999 1148 2038 qui
1157 1999 1242 2027 multo
1250 1998 1339 2037 plura,
1349 2008 1430 2035 quam
1439 1998 1546 2035 mulier,
1558 2009 1618 2037 pos-

903 2048 1030 2083 sidemus,
1044 2055 1188 2083 quamnam
1202 2044 1347 2084 poterimus
1358 2043 1556 2072 excusationem
1570 2043 1619 2072 ob-

905 2093 1022 2129 tendere,
1044 2091 1091 2130 qui
1115 2090 1288 2118 facultatibus
1312 2089 1457 2128 parcimus,
1474 2096 1500 2118 et
1521 2096 1618 2118 nostrae

905 2138 1000 2168 salutis
1013 2135 1121 2176 prodigi
1132 2135 1247 2164 sumus?
1259 2136 1295 2164 Ut
1305 2135 1389 2173 igitur
1399 2135 1491 2173 gravia
1506 2135 1553 2163 illa
1565 2142 1619 2163 tor—

906 2191 995 2214 menta
1006 2183 1131 2218 vitemus,
1143 2191 1249 2209 omnem
1264 2180 1475 2208 misericordiam
1486 2180 1514 2208 in
1522 2191 1619 2219 egenos

905 2230 1098 2262 exhibeamus,
1112 2234 1141 2255 ut
1156 2233 1181 2255 et
1195 2236 1243 2254 nos
1257 2225 1362 2264 assequi
1374 2225 1444 2254 bona
1458 2226 1549 2254 futura
1564 2236 1618 2254 me-

906 2286 1024 2309 reamur,
1037 2272 1122 2313 gratia
1133 2271 1328 2310 etbenignitate
1343 2271 1451 2299 Domini
1462 2271 1545 2299 nostri
1555 2272 1618 2301 Jesu

908 2320 1021 2357 Christi,
1033 2329 1093 2348 cum
1107 2328 1159 2356 quo
1173 2317 1259 2356 gloria
1271 2317 1356 2352 Patri,
1370 2327 1422 2345 una
1438 2327 1499 2345 eum
1513 2317 1618 2357 Spiritu

907 2373 998 2397 sancto
1012 2366 1039 2394 in
1053 2364 1151 2394 saecula
1164 2364 1332 2393 saeculomm.
1347 2364 1440 2391 Amen.

695 2488 1025 2504 ⁴020&-
