1843 2810
78 777 164 803 Corum
182 791 219 804 an„

79 818 105 829 no
117 814 170 839 4(ιῇ-

242 146 307 191 7¹53
553 160 580 181 s.

237 218 330 247 ardens
347 229 407 257 erga
421 230 466 248 nos
479 232 508 249 ac
522 221 622 250 sincera
634 222 816 251 benevolentia
830 229 878 258 est,
894 233 947 250 cre-

238 263 285 291 bro
296 263 386 292 literas
403 265 573 304 accipiamus.
589 268 657 296 Nam
667 267 689 295 si
704 278 755 303 eas,
775 268 808 296 de
820 274 864 296 tua
876 268 947 295 valc-

237 308 329 337 tudine
348 309 483 348 animique
498 311 534 339 tui
549 312 684 340 hilaritate
699 323 746 340 nos
760 313 884 341 certiores
909 313 947 340 sa-

236 354 341 391 cientes,
351 366 419 394 saepe
439 356 616 393 obtineamus,
643 368 694 385 non
710 357 869 386 mediocrem
883 358 947 386 hinc
967 359 983 381 Ε

234 411 340 438 quoquc
358 401 563 430 consolationem
579 402 723 440 capiemus.
751 404 818 431 Cum
846 404 945 442 igitur,

234 452 333 483 quanto
345 456 391 474 nos
404 447 531 475 beneficio
545 447 671 475 affectum
680 448 725 484 sis,
737 449 943 485 animadvertas,

234 490 261 518 id
282 492 366 519 faeere
380 502 411 519 ne
425 492 553 528 graveris.
569 493 626 521 Seis
640 494 710 522 enim
726 505 806 532 quam
827 502 852 524 te
873 506 944 524 com—

234 537 388 574 plectamur,
397 544 577 575 quantamque
587 549 690 578 semper
700 550 761 579 erga
773 547 797 569 te
808 541 944 571 caritatem

233 592 286 619 pra?
302 583 377 610 nobis
389 583 536 611 tulerimus.

383 683 439 709 LII
440 684 455 709 I
456 665 462 709 ›—
482 683 606 712 Nicolao
615 687 698 723 presb
696 691 794 722 ywere.

271 773 432 812 Magnopere
446 785 493 803 nos
513 775 632 813 erexisti,
647 783 728 814 atque
748 777 847 815 ingenti
863 780 942 808 volu>-

229 825 301 856 ptate
324 820 474 857 perfudisti,
491 832 550 849 eum
566 821 635 849 illud
652 822 819 861 significasti,
835 835 940 863 perma-

228 875 306 901 gnam
330 865 378 893 tibi
404 866 548 895 Phoeniciae
572 878 662 895 curam
680 879 746 905 esse,
768 876 844 907 teque
867 877 939 899 tanto

228 910 286 938 lieet
313 911 452 940 intervallo
468 913 607 949 dissitum,
623 924 666 941 eos
691 914 738 951 qui
762 914 819 943 illic
838 916 983 954 deguntoe2

225 967 272 994 per
282 957 372 985 literas
386 957 419 986 ad
430 958 534 997 pietatis
546 959 665 987 studium
677 970 771 988 acuere
782 967 860 999 atquc
873 962 938 990 hor—
956 965 975 986 A

226 1002 290 1029 tari:
303 1014 354 1040 qua
371 1003 395 1031 in
412 1014 439 1032 re
453 1004 538 1032 zelum
558 1005 734 1043 apostolicum
748 1013 865 1044 praestas.
883 1007 936 1036 Ea-

223 1058 273 1085 que
285 1059 362 1076 eausa
374 1055 399 1077 te
413 1049 539 1077 admirari
554 1061 584 1078 ac
599 1050 706 1079 beatum
721 1051 867 1090 praedicare
881 1053 936 1081 mi—

224 1094 293 1121 nime
303 1095 513 1131 intermittimus,
525 1095 596 1132 quod
608 1103 632 1124 et
644 1097 787 1125 monachos
797 1104 872 1126 antea
883 1099 934 1127 mi-

222 1139 294 1175 sisti,
309 1147 334 1167 et
347 1151 426 1175 nunc,
443 1141 469 1168 in
486 1147 558 1169 tanta
578 1141 745 1180 negotiorum
759 1142 930 1183 difficultate,

222 1196 272 1213 non
287 1186 364 1214 modo
384 1197 427 1214 eos
441 1197 492 1214 non
507 1186 655 1223 abduxisti,
670 1187 715 1216 sed
731 1188 810 1217 etiam
827 1200 933 1219 manere

220 1230 340 1268 coegisti,
366 1231 461 1270 optimi
488 1231 613 1260 videlicet
645 1233 829 1271 gubernatoris
853 1241 933 1273 atque

219 1276 317 1313 egregii
331 1276 427 1305 medici
444 1287 551 1305 munere
563 1278 732 1316 perfungens.
746 1279 783 1307 Ut
794 1279 864 1307 enim
874 1280 929 1315 ille,

219 1331 278 1348 eum
302 1322 399 1350 fluetus
419 1322 531 1350 excitari
546 1322 634 1358 videt,
652 1330 708 1351 tum
724 1323 786 1363 plus
805 1324 887 1353 studii
901 1336 931 1354 ac

217 1366 363 1404 diligentiae
385 1367 504 1404 adhibet,
519 1375 597 1406 atque
612 1368 656 1397 hic
670 1369 744 1405 item,
757 1380 818 1398 cum
834 1370 931 1399 febrim

219 1412 244 1439 in
260 1413 386 1451 majorem
401 1414 536 1442 flammam
561 1414 689 1442 exarsisse
711 1416 849 1454 perspicit,
873 1423 930 1445 tum

217 1458 311 1496 majori
332 1465 388 1486 arte
402 1466 481 1496 atquc
501 1458 633 1487 industria
649 1459 791 1488 utiturtad
806 1461 929 1490 eumdem

217 1503 326 1532 modum
353 1511 379 1531 tu
405 1515 526 1543 quoque,
540 1504 707 1532 nobilissime
728 1515 758 1533 ac
782 1506 928 1545 religiosis-

216 1549 282 1577 sime
292 1549 406 1585 domiue,
415 1561 469 1578 rem
478 1550 626 1578 vii-tutetua
636 1549 746 1588 dignam
754 1551 847 1589 fecisti,
857 1552 928 1589 quod

216 1605 276 1623 eum
298 1606 381 1633 aegras
400 1606 440 1623 res
461 1606 516 1624 esse
529 1605 559 1623 ac
576 1595 705 1624 seditione
726 1596 846 1625 laborare
866 1608 927 1626 con-

214 1640 337 1678 spexisti,
354 1648 410 1669 tum
426 1641 595 1680 potissimum
608 1652 716 1680 operam
729 1642 838 1680 dedisti,
851 1651 880 1672 ut
897 1655 928 1673 ne

214 1686 244 1719 ii,
258 1686 303 1723 qui
317 1686 370 1713 illic
386 1686 497 1724 (legunt,
507 1686 591 1714 aciem
608 1686 766 1723 desererent,
779 1698 873 1717 verum
887 1700 927 1718 re-

214 1739 358 1767 manerent,
373 1743 403 1760 ae
427 1739 514 1771 partes
537 1743 597 1761 suas
618 1733 766 1772 explerent.
789 1734 926 1769 Quamob<

213 1788 266 1805 rem
284 1778 336 1806 tuis
351 1778 406 1817 ipse
419 1778 540 1816 vestigiis
552 1778 663 1814 haerens,
675 1779 924 1809 reverendissimum

211 1822 350 1851 dominum
378 1834 466 1851 mcum
491 1824 651 1852 Gerontium
678 1825 875 1864 presbyterum,
901 1827 922 1855 si

211 1878 277 1896 conv
279 1868 386 1901 alueiit,
400 1874 479 1905 atque
490 1867 525 1896 ad
542 1868 672 1907 integram
684 1869 821 1898 sanitatem
837 1870 922 1899 iedie-

211 1913 255 1947 iit,
271 1914 419 1951 confestim,
435 1924 534 1951 quaeso,
549 1925 623 1952 urge,
641 1922 669 1943 ut
684 1915 734 1943 iter
754 1915 822 1944 illud
839 1916 918 1946 ineat.

211 1960 380 1996 Ouamquam
393 1958 462 1987 enim
475 1969 522 1987 nos
533 1970 637 1997 quoque
653 1970 713 1988 eum
724 1960 777 1989 huc
789 1962 880 1990 venire
890 1973 921 1991 ac

210 2015 224 2031 x
230 2004 300 2032 ideie
313 2005 451 2043 cupimus:
463 2011 561 2041 tamen,
575 2006 701 2043 quoniam
717 2007 832 2044 regionis
847 2008 920 2037 illius

210 2052 310 2087 negotia
336 2051 508 2086 celeritatem,
531 2051 717 2091 ingentemque
751 2054 919 2091 vigilantiam

207 2096 368 2130 desiderant,
392 2107 423 2125 ne
440 2097 465 2125 in
487 2097 531 2125 via
550 2097 661 2135 longum
681 2105 784 2137 tempus
806 2105 917 2137 teratur,

207 2141 341 2178 hiemsque
364 2142 538 2170 interveniens
554 2142 602 2171 iter
616 2142 667 2182 ipsi
686 2143 855 2179 intercludat,
872 2146 918 2174 ahs

206 2192 231 2214 te
244 2186 412 2214 veliementer
431 2187 555 2225 petimus,
569 2194 597 2215 ut
612 2195 637 2216 et
658 2199 727 2223 eum,
743 2189 764 2217 si
777 2200 809 2218 cx
825 2191 918 2219 morbo

205 2238 336 2259 recreatus
348 2232 392 2266 sit,
404 2231 438 2259 ad
452 2233 651 2271 suscipiendum
662 2234 712 2262 iter
724 2245 826 2273 urgeas,
836 2236 918 2265 illud-

204 2287 255 2314 que
269 2287 354 2313 eures,
376 2283 404 2304 ut
425 2277 468 2305 vir
483 2278 657 2306 suavissimus
671 2290 701 2307 ac
716 2279 782 2307 mihi
810 2281 915 2310 carissi-

203 2333 262 2350 mus
277 2323 391 2351 Joannes
404 2322 544 2360 presbyter
565 2323 666 2351 itineris
681 2325 803 2353 comitem
819 2336 846 2354 se
865 2327 916 2365 ipsi

201 2367 338 2406 adjungat.
350 2367 408 2395 Scis
426 2367 496 2394 enim
513 2367 629 2405 regionis
642 2368 715 2397 illius
729 2371 832 2407 negotia
846 2382 916 2400 nunc

201 2424 231 2441 eo
250 2413 373 2451 pluribus
387 2413 579 2441 correctoribus
594 2413 723 2451 indigere,
736 2425 789 2451 quo
808 2416 915 2454 longius

200 2466 351 2498 serpserunt
363 2458 441 2487 mala.
456 2458 519 2487 Haec
531 2458 612 2497 igitur
622 2469 682 2487 cum
698 2460 786 2488 animo
806 2467 850 2489 tuo
873 2472 912 2489 re-

232 2558 240 2568 s*
259 2550 319 2574 Tres
331 2549 387 2572 MSS.
404 2551 512 2581 {ch’Zvart

610 159 747 183 JOANNlS
775 161 952 183 CHRYSOST.
984 161 1138 184 ARCmEt‘.
1168 163 1433 186 CONSTitNTINOP.

1003 223 1175 261 ἀπολαύωμεν
1198 227 1327 263 συνεχῶς,
1348 226 1564 264 ἇπαγγελλόντιιω
1579 230 1642 264 ἡμῖν
1660 228 1691 256 τὰ
1708 230 1766 267 περι

1001 269 1048 302 τῆς
1063 269 1158 307 ὑγιείας
1172 270 1216 298 καὶ
1238 271 1359 308 εὐθυμίας
1380 274 1426 306 τῆς
1447 274 1507 307 σῆς,
1523 274 1551 300 οὐ
1568 272 1616 306 τὴν
1637 276 1765 312 τυχοῦσαν

1003 313 1047 341 καὶ
1071 315 1185 342 ἐντεῦθεν
1208 316 1400 354 καρπωσόμεθα
1422 317 1599 357 παραμυθίαν.
1625 318 1766 347 Ἰἰννοοῧσα

1001 359 1085 388 τοίνυν
1107 360 1201 395 ἡλίκην
1220 363 1283 397 ἡμῖν
1301 364 1380 400 χαριῇ
1395 362 1486 401 χάριν,
1500 363 1536 401 μὴ
1558 363 1677 392 κατόκνει
1692 367 1767 392 τοῦτο

1001 410 1092 434 ποιεῖν.
1103 402 1188 434 Οἶσθα
1200 407 1250 446 γὰρ
1260 407 1329 439 ὅπως
1341 408 1501 446 ἀντεχόμεθα
1513 421 1558 437 σου
1571 411 1616 443 τῆς
1628 409 1766 447 εὐγενείας,

1000 451 1044 479 καὶ
1064 451 1125 485 ὅση-,ν
1145 452 1185 480 ἀεὶ
1201 452 1259 490 περὶ
1280 452 1327 487 τὴν
1348 453 1395 487 σὴν
1418 454 1558 491 ἐμμέλειαν
1579 454 1764 492 ἐπεδειξάμεθα

1000 496 1045 531 τὴν
1061 497 1174 535 ἀγάπην.

1187 688 1233 728 νγ’.
1251 690 1373 729 Νικολάῳ
1387 691 1563 730 πρεσὲυτέρῳ.

1036 778 1141 818 Σφόδρα
1155 780 1225 816 ἡμᾶς
1237 778 1429 817 ἀνεπτέρωσας,
1444 779 1488 808 καὶ
1502 781 1600 814 πολλῆς
1617 779 1763 816 ἐνέπλησας

995 826 1041 858 τῆς
1061 825 1168 859 ἧδονῆς,
1191 824 1311 859 δηλώσας
1339 824 1378 851 ὅτι
1408 835 1448 852 σοι
1483 825 1566 860 πολλὴ
1591 825 1693 864 φροντὶς
1714 829 1761 860 τῆς

994 869 1120 904 Φοινίκης
1137 870 1202 905 ἐστὶ,
1217 869 1261 897 καὶ
1279 871 1308 897 ἐκ
1323 869 1444 898 τοσούτου
1456 870 1600 907 καθήμενος
1617 871 1761 909 διαστήμα-

993 926 1047 948 τος,
1070 914 1113 943 διὰ
1135 915 1298 953 γραμμάτιον
1329 914 1441 953 ἀλείφεις
1467 915 1525 948 τοὺς
1552 915 1657 951 αὐτόθι,
1683 918 1760 950 ζῆλον

992 960 1099 998 πληρῶν
1115 960 1296 988 ἀποστολικόν.
1315 960 1366 988 Διὰ
1387 959 1468 988 ταῦτά
1483 971 1511 988 σε
1527 960 1700 998 θαυμάζοντες
1714 961 1759 989 καὶ

992 1006 1178 1045 μακαρίζοντες
1200 1006 1228 1034 οὐ
1256 1006 1478 1044 διαλιμπάνομεν,
1502 1006 1541 1034 ὅτι
1565 1006 1610 1034 καὶ
1632 1006 1758 1045 πρότερον

989 1050 1048 1083 τοὺς
1069 1051 1198 1090 μοναχοὺς
1218 1051 1346 1090 ἔπεμψας,
1363 1051 1407 1079 καὶ
1424 1051 1463 1079 ὅτι
1478 1054 1537 1085 νῦν,
1554 1053 1579 1080 ἐν
1595 1051 1758 1091 πραγμάτων

989 1097 1113 1136 δυσκολίᾳ
1133 1097 1262 1136 τοσαύτῃ,
1281 1098 1309 1125 οὐ
1333 1097 1409 1134 μόνον
1433 1096 1531 1136 αὐτοὺς.
1545 1097 1592 1124 οὐκ
1614 1097 1758 1134 ἀπήγαγες,

988 1143 1055 1172 ἀλλὰ
1070 1144 1114 1172 καὶ
1133 1143 1219 1181 μένειν
1234 1143 1326 1176 αὐτοὺς
1340 1143 1491 1177 ἐκέλευσας,
1506 1142 1612 1182 ἀρίστου
1627 1142 1756 1182 κυὸερνή-

987 1200 1031 1217 του
1054 1188 1099 1217 καὶ
1125 1190 1213 1227 ἰατροῦ
1234 1188 1352 1226 γενναίου
1374 1193 1485 1227 πρᾶγμα
1514 1190 1605 1217 ποιῶν.
1630 1188 1683 1216 Καὶ
1706 1188 1756 1226 γὰρ

987 1233 1090 1262 ἐκείνων
1110 1234 1234 1268 ἕκαστος,
1251 1236 1263 1262 ὁ
1279 1233 1325 1271 μὲν
1344 1233 1407 1263 ὅταν
1424 1234 1464 1272 ἴδῃ
1480 1233 1513 1262 τὰ
1528 1233 1634 1271 κύματα
1656 1233 1757 1271 ἐγειρό-

987 1291 1064 1316 μενα,
1075 1279 1133 1308 τότε
1147 1280 1246 1317 μᾶλλον
1257 1279 1356 1313 πολλὴν
1373 1279 1550 1307 ἐπιδείκνυται
1563 1278 1610 1313 τὴν
1623 1278 1737 1312 σπουδήν
1750 1292 1755 1296 ·

984 1326 996 1352 ὁ
1013 1324 1039 1353 δὲ
1051 1325 1111 1353 ὅταν
1124 1325 1168 1353 τὸν
1182 1324 1293 1365 πυρετὸν
1307 1324 1350 1353 ἐπὶ
1365 1325 1469 1362 μείζονα
1483 1324 1567 1363 φλόγα
1582 1324 1754 1363 διεγερθέντα,

984 1370 1042 1398 τότε
1067 1371 1152 1408 πολλῇ
1173 1370 1301 1409 κέχρηται
1321 1372 1353 1408 τῇ
1376 1369 1455 1408 τέχνῃ
1469 1381 1474 1386 ·
1493 1369 1537 1398 καὶ
1559 1369 1634 1401 αὐτὸς
1656 1369 1751 1403 τοίνυν,

984 1415 1058 1454 κύριέ
1086 1428 1135 1453 μου
1160 1415 1303 1453 τιμιώτατε
1333 1415 1376 1443 καὶ
1404 1415 1593 1449 εὐλαέέστατε,
1617 1414 1677 1447 ἄξια
1707 1417 1754 1449 τῆς

986 1463 1079 1489 σαυτοῦ
1100 1461 1247 1494 πεποίηκας
1269 1463 1378 1501 ἀρετῆς,
1399 1461 1441 1489 ὅτε
1464 1460 1497 1488 τὰ
1520 1461 1665 1499 πράγματα
1690 1456 1754 1492 εἶδες

984 1510 1107 1535 νοσοῦντα
1122 1506 1166 1535 καὶ
1189 1507 1377 1541 στασιάζοντα,
1397 1506 1457 1534 τότε
1476 1506 1590 1544 μάλιστα
1606 1505 1753 1543 ἐπιθέμενος

983 1556 1036 1584 τοῖς
1055 1554 1138 1580 ἐκεῖσε
1165 1552 1355 1591 διατρίόουσιν,
1377 1551 1445 1580 ὥστε
1473 1551 1509 1589 μὴ
1537 1553 1753 1585 λειποτακτῆσαι,

984 1598 1041 1626 ἀλλ’
1057 1600 1205 1636 ἐπιμεῖναι,
1225 1598 1269 1626 καὶ
1282 1597 1315 1625 τὰ
1334 1599 1396 1635 παρ’
1416 1599 1514 1625 ἑαυτῶν
1529 1599 1690 1635 εἰσενεγκεῖν.
1709 1597 1752 1626 Τὰ

984 1647 1079 1672 σαυτοῦ
1102 1643 1185 1672 τοίνυν
1207 1643 1382 1681 μιμούμενος,
1406 1643 1448 1671 τόν
1472 1655 1500 1671 τε
1524 1643 1611 1681 κύριόν
1637 1654 1687 1680 μου
1708 1643 1751 1672 τὸν

982 1688 1141 1726 τιμιώτατον
1175 1689 1308 1729 Γερόντιον
1338 1690 1382 1718 τὸν
1414 1688 1605 1728 πρεσὸύτερον,
1636 1690 1658 1716 εἷ
1690 1691 1751 1727 ῥᾷον

982 1735 1075 1773 σχοίη,
1095 1735 1139 1763 καὶ
1160 1735 1223 1773 πρὸς
1247 1734 1363 1773 καθαρὰν
1383 1734 1469 1773 ὑγείαν
1492 1734 1637 1770 ἐπανέλθοι,
1658 1735 1751 1767 εὐθέως

981 1781 1131 1814 κατέπειξον
1145 1783 1191 1815 τῆς
1208 1782 1260 1809 ἐκεῖ
1274 1781 1389 1819 ἅψασθαι
1404 1781 1471 1808 ὁδοῦ.
1484 1779 1680 1817 Ἐπιθυμοῧμεν
1699 1780 1750 1818 γὰρ

981 1828 1058 1856 αὐτὸν
1077 1830 1154 1864 ἡμεῖς
1173 1827 1217 1855 καὶ
1234 1828 1344 1855 ἐνταῦθα
1360 1825 1571 1864 παραγενόμενον
1589 1826 1651 1854 ἰδεῖν
1666 1838 1672 1843 ·
1691 1827 1749 1854 ἀλλ’

977 1872 1067 1907 ἐπειδὴ
1088 1873 1132 1901 καὶ
1152 1871 1298 1911 ταχύτητος
1313 1871 1356 1899 καὶ
1376 1872 1475 1905 πολλῆς
1497 1872 1577 1899 δεῖται
1595 1873 1641 1905 τῆς
1663 1872 1747 1909 ἀγρυ-

977 1918 1054 1950 πνίας
1068 1917 1101 1946 τὰ
1115 1918 1199 1946 ἐκεῖσε
1214 1917 1370 1956 πράγματα,
1385 1916 1452 1944 ὥστε
1469 1916 1505 1954 μὴ
1519 1915 1599 1944 πολὺν
1617 1918 1642 1944 ἐν
1655 1918 1688 1954 τῇ
1700 1917 1752 1955 ὁδῷ

976 1963 1156 2003 ἱ’διοιτριῧῆναι
1186 1963 1295 2002 χρόνον,
1320 1962 1365 1990 καὶ
1389 1962 1431 1990 τὸν
1457 1963 1576 2000 χειμῶνα
1605 1961 1747 1990 ἐπιστάντα

977 2010 1130 2038 ἀποκλεῖσαι
1157 2010 1227 2048 αὐτῷ
1249 2008 1296 2043 τὴν
1321 2008 1393 2043 ὁδὸν,
1408 2007 1610 2047 παρακαλοῧμέν
1633 2019 1679 2036 σου
1700 2007 1748 2042 τὴν

975 2054 1115 2092 τιμιότητα
1129 2054 1205 2082 αὐτόν
1227 2066 1255 2082 τε
1277 2053 1403 2092 ῥαίσαντα
1425 2053 1524 2085 ἐπεῐξαι
1547 2054 1684 2087 ἀπελθεῖν,
1703 2052 1748 2081 τόν

975 2112 1003 2128 τε
1014 2099 1173 2137 γλυκύτατον
1187 2099 1231 2127 καὶ
1245 2098 1425 2127 ποθεινότατον
1442 2098 1565 2134 Ἰωάννην
1576 2098 1620 2127 τὸν
1634 2098 1750 2137 πρεσὸύ-

974 2157 1048 2184 τερον
1073 2145 1273 2182 παρασκευάσαι
1304 2144 1498 2183 συνεφάψασθαι
1527 2146 1573 2178 τῆς
1598 2143 1746 2181 ἀποδημίας

976 2193 1058 2219 αὐτῶ.
1075 2187 1160 2220 Οἶσθα
1177 2191 1227 2228 γὰρ
1246 2190 1290 2218 καὶ
1306 2190 1382 2222 αὐτὸς
1395 2189 1436 2218 οτι
1453 2193 1495 2218 νυν
1514 2189 1628 2227 μάλιστα
1645 2188 1677 2217 τὰ
1695 2190 1745 2216 αὐ-

973 2236 1027 2264 τόθι
1049 2238 1153 2266 πολλυν
1176 2237 1212 2264 δεῖ
1216 2247 1257 2264 ται
1283 2247 1335 2264 των
1361 2235 1592 2274 διορθωσομέμων,
1619 2247 1671 2273 οσῳ
1697 2235 1740 2263 ἐπὶ

974 2284 1058 2319 μεῖζον
1075 2284 1147 2321 εῖρψε
1158 2281 1191 2309 τὰ
1205 2280 1446 2309 κακα.’1αῧτόιἰν
1469 2282 1577 2315 ἐννοῶν,
1600 2291 1644 2308 και
1665 2279 1739 2311 εἰδὼς

972 2328 1088 2362 ἠλικον
1078 2340 1123 2356 εστ
1127 2341 1134 2356 ι
1148 2327 1264 2365 σωτηρία
1278 2328 1349 2365 ψυχ
1333 2338 1379 2362 ης,
1393 2337 1438 2353 και
1456 2328 1497 2354 οἱα
1510 2325 1684 2365 κατώρθωταί
1696 2337 1742 2353 σου

970 2376 1002 2410 τῇ
1023 2373 1156 2411 τιμιότητι
1183 2373 1224 2401 δια
1248 2384 1295 2413 της
1320 2371 1465 2409 ἔμπροσθεν
1492 2372 1620 2405 σπουδῆς,
1653 2370 1740 2398 πάντα

969 2430 1079 2452 ποιησαι
1099 2430 1143 2446 και
1164 2418 1206 2446 διὰ
1228 2429 1338 2451 σαυτου,
1354 2416 1398 2444 καὶ
1413 2417 1445 2444 δι’
1468 2416 1571 2455 ἑτέρων,
1588 2419 1623 2444 ὧν
1641 2416 1671 2444 ἂν
1687 2412 1739 2445 οῖόν

969 2475 995 2491 τε
1018 2466 1048 2500 ᾖ,
1071 2463 1272 2502 παρακλήθητι,
1298 2462 1367 2490 ώστε
1398 2461 1431 2489 τὰ
1458 2461 1627 2500 διορθωθέντα
1652 2466 1739 2499 μεῖναι
