1843 2810
122 795 154 816 Al,
167 802 223 815 auno

82 827 135 853 [μή.
196 827 221 845 aa

82 856 135 887 4⁴¹7-

89 2012 174 2032 Ciu—nso
191 2018 229 2032 an-

90 2050 117 2063 un
130 2040 184 2070 402.

236 131 304 167 850
528 140 557 164 s.
586 141 724 165 JOANNJS
750 140 930 164 cunrsosr.

960 140 1101 166 ARCHIEP
1108 158 1114 165 .
1144 144 1206 167 CON
1212 143 1411 169 STANTINOP.

237 212 288 233 tuae
307 203 470 242 minimeque
495 203 590 232 sucatae
614 203 732 232 caritatis
756 202 878 232 oblivisci
899 212 950 231 non
961 224 997 243 70⁵
1005 214 1100 237 τοντες.
1114 205 1166 234 Καὶ
1177 206 1336 246 ε’ὅουλόμεθα
1348 207 1394 247 μὲν
1406 209 1589 249 συνεχέστερον
1599 210 1768 239 ἐπιστέλλειν·

236 261 387 289 possumus,
404 248 450 278 sed
464 249 577 289 singulis
592 249 687 279 diebus
701 249 775 278 illam
791 256 876 278 mente
891 259 951 277 vcr-
970 252 989 274 Α
1006 250 1096 286 ἐπειδὴ
1117 250 1143 279 δὲ
1163 254 1239 281 τοῦτο
1263 255 1373 293 ἐργῶδες
1388 257 1453 293 ἡμῖν
1469 243 1540 291 ἐστι,
1561 259 1681 285 τοσοῦτον
1698 257 1769 293 ὑμῶν

236 307 293 324 sare
306 306 358 324 non
372 295 528 331 desinimus,
543 295 690 334 animaeque
710 302 761 324 tuae
778 295 890 324 virtutes
905 305 950 323 re-

235 341 387 370 cordatione
406 342 484 370 nobis
502 342 636 380 effingere.
661 344 700 370 Ae
720 351 876 380 cuperemus
892 340 951 379 qui-

235 387 296 416 dem
314 386 434 416 crebrius
452 387 484 415 ad
506 397 553 415 vos
571 386 704 415 scribere:
718 386 765 415 sed
781 386 907 424 quoniam
922 385 951 415 id

236 433 313 462 nobis
326 440 365 462 est
378 433 501 469 difficile,
517 432 563 471 qui
579 443 594 460 a
610 433 687 461 vobis
701 432 766 461 adeo
781 433 892 472 sejuncti
908 443 951 461 su-

234 491 307 518 mus,
325 479 401 509 vobis
418 485 507 507 autem
527 479 662 518 perfacile,
684 479 824 508 hortamur
844 489 902 514 vos,
921 486 951 507 ut

233 526 383 564 frequentes
397 524 431 553 ad
444 535 491 553 nos
503 524 592 553 literas
604 525 638 554 de
652 532 739 554 vestra
753 525 888 564 totiusque
901 525 949 554 do-

234 583 294 601 mus
308 579 400 601 vestrm
415 571 568 600 valetudine
583 572 696 600 mittatis
709 584 714 599 τ
729 572 766 601 sic
784 572 855 601 enim
871 583 946 612 pere-

234 628 279 656 gre
295 617 418 657 degentes
439 617 532 646 solatio
549 627 602 646 non
620 617 748 646 mediocri
769 618 946 658 perfruemur.

407 706 614 734 CLXXXVII.
636 706 786 744 Procopio.

274 791 445 827 Quamquam
457 789 554 828 exigua
565 787 640 816 nobis
650 795 738 816 tecum
758 787 819 816 istic
842 798 949 817 eonsue-

234 836 298 865 tudo
320 835 382 872 fuit,
399 834 507 864 domine
524 833 673 874 plurimum
689 833 867 873 suspiciende,
887 844 948 862 ma-

233 894 315 922 guum
331 890 419 911 tamen
431 882 538 910 sinccrae
553 888 605 910 tuae
619 880 746 917 caritatis,
761 880 844 909 animi
857 879 949 918 quieti,

233 929 327 958 sinceri
344 940 375 957 ac
391 927 520 957 ferventis
541 927 639 956 amoris
654 927 803 966 periculum
824 926 946 956 fecimus.

232 977 402 1015 Quapropter
414 976 494 1002 etiam
508 973 544 1002 ad
558 973 629 1012 ipsos
642 973 715 1001 orbis
733 979 865 1001 terrarum
883 972 949 1001 fines

233 1020 353 1059 relegati,
369 1026 447 1057 atque
463 1018 498 1047 ad
513 1018 599 1058 ipsam
612 1024 759 1046 extremam
776 1017 949 1046 solitudinem

232 1066 361 1102 abducti,
388 1064 515 1103 quoniam
539 1064 638 1101 ubique
664 1070 690 1092 te
714 1063 927 1092 circumferimus
939 1085 947 1099 ,

233 1122 400 1150 quocumque
411 1109 517 1139 tandem
528 1109 739 1148 proficiscamur,
751 1116 776 1138 et
786 1108 949 1148 insculptum

234 1159 260 1187 in
279 1165 384 1197 pectore
402 1163 546 1195 gestamus,
566 1166 600 1184 ex
624 1162 699 1184 tanto
724 1155 784 1184 licet
808 1155 950 1184 intervallo

233 1204 384 1239 scribimus,
393 1214 423 1231 ac
430 1202 548 1231 debitam
558 1202 744 1230 salutationem
753 1201 931 1240 persolvimus
942 1213 948 1230 :

235 1258 359 1288 tuamque
368 1249 530 1278 suavitatem
543 1258 660 1285 oramus,
675 1255 704 1276 ut
718 1248 769 1276 nisi
783 1258 864 1286 grave
876 1248 951 1277 sitae

235 1297 376 1325 molestum
388 1319 397 1334 ,
422 1296 490 1324 lianc
509 1295 565 1334 ipse
584 1294 661 1322 nobis
681 1293 794 1333 gratiam
811 1293 949 1331 concedas,

234 1349 259 1371 et
278 1342 312 1370 de
332 1349 376 1370 tua
403 1340 557 1369 valetudine
582 1340 673 1368 laetum
695 1339 731 1368 ad
755 1350 802 1368 nos
827 1340 952 1368 nuntium

236 1389 333 1417 mittas.
350 1389 412 1416 llaec
425 1388 496 1416 enim
510 1386 590 1415 etiam
605 1393 630 1414 tc
644 1385 755 1414 minime
768 1385 898 1414 scribente
912 1385 952 1414 in-

237 1434 392 1472 telligimus,
408 1433 474 1462 dum
487 1443 530 1461 eos
545 1432 590 1470 qui
605 1432 683 1459 istinc
706 1430 816 1459 veniunt
835 1431 952 1460 sciscita-

236 1491 314 1515 mur,
335 1479 408 1518 quod
425 1489 522 1517 magno
541 1477 618 1506 nobis
641 1477 729 1505 studio
746 1477 790 1511 sit,
810 1484 839 1505 ut
852 1476 886 1505 de
907 1484 951 1506 tua

236 1525 389 1554 valetudiue
409 1536 440 1553 ae
459 1523 573 1554 nominis
589 1523 742 1551 celebritate
761 1523 884 1552 certiores
899 1523 951 1551 ssa-

237 1583 296 1600 inus
308 1583 314 1599 :
328 1571 451 1610 cupimus
465 1577 552 1598 tamen
566 1569 664 1607 linguae
678 1575 730 1596 tuae
745 1579 776 1596 ac
790 1579 885 1597 manus
900 1575 952 1597 tuce

236 1616 365 1645 beneficio
379 1616 457 1645 uobis
474 1615 565 1644 cadem
581 1615 742 1642 innotescere
752 1636 759 1649 ,
775 1621 804 1642 ut
815 1615 952 1654 duplicem

237 1664 401 1702 voluptatem
426 1672 584 1701 carpamus,
615 1667 672 1688 tum
693 1659 766 1698 quod
791 1660 950 1699 scribamus,

239 1716 294 1737 tum
308 1708 378 1746 quod
393 1708 483 1736 literas
499 1718 514 1735 a
528 1713 574 1734 tua
587 1705 725 1734 nobilitate
736 1706 829 1734 missas
843 1707 953 1746 recipia—

238 1766 306 1783 mus.
325 1754 400 1782 Hanc
414 1764 475 1783 vero
490 1752 567 1781 nobis
584 1751 696 1780 concede
713 1752 839 1790 gratiam,
855 1763 914 1791 qua‘
929 1759 954 1781 et

235 1800 430 1840 jucundissima
442 1807 490 1836 est,
504 1809 535 1827 ac
547 1797 643 1826 rationi
655 1805 837 1835 consentanea,
849 1805 874 1827 et
886 1799 954 1827 mul-

238 1853 263 1875 ta
279 1846 372 1875 lanitia
388 1857 435 1875 nos
448 1843 593 1885 perfundit.

381 1941 607 1970 CLXXXVIII.
625 1941 815 1970 stlarcellino.

281 2017 336 2045 Nos
350 2014 460 2054 quidem
471 2014 499 2043 in
510 2013 630 2043 omnium
644 2013 856 2043 desertissimum
869 2014 957 2044 locum

242 2065 375 2091 Cucusum
396 2061 505 2099 relegati
522 2071 615 2089 sumus
629 2071 634 2087 :
647 2071 709 2088 cum
729 2067 816 2089 tamen
839 2061 916 2089 nobis
932 2061 958 2090 in

242 2115 355 2136 mentem
371 2107 442 2137 venit
458 2113 551 2135 vestrae
566 2105 694 2143 caritatis,
711 2116 763 2144 qua
779 2116 826 2135 nos
843 2107 959 2146 comple-

242 2153 355 2190 ctimini,
369 2153 501 2191 ingentem
513 2151 678 2191 percipimus
689 2151 906 2187 consolationem,
921 2159 960 2181 at-

242 2209 293 2238 que
307 2198 333 2227 in
349 2197 492 2226 solitudine
511 2197 608 2226 divites
627 2208 728 2226 sumus.
745 2199 836 2236 Neque
852 2199 923 2227 enim
938 2199 960 2228 is

243 2244 364 2283 vulgaris
379 2251 417 2272 cst
436 2243 585 2280 thesaurus,
601 2244 623 2272 si
637 2243 711 2272 viros
730 2244 900 2281 nanciscaris,
915 2246 961 2284 qui

245 2292 344 2319 sincere
369 2299 457 2317 amare
478 2289 608 2317 noverint.
632 2288 694 2318 Ideo
720 2290 824 2318 tametsi
852 2301 961 2330 corpore

244 2337 355 2365 minime
367 2335 512 2369 adsumus,
528 2334 669 2363 vobiscum
681 2335 770 2363 anima
782 2335 899 2365 devincti
915 2347 961 2365 su*

245 2392 314 2419 mus,
328 2388 353 2410 et
369 2387 459 2409 catena
472 2379 590 2408 caritatis
603 2379 732 2409 obstricti.
750 2381 818 2410 Hinc
829 2382 908 2411 etiam
922 2383 960 2420 sit,

978 2074 996 2096 D

278 2496 287 2504 -·
306 2486 366 2517 ch.
384 2489 546 2518 ἀπενεχθέντες.
562 2483 636 2508 Sutil.
659 2484 718 2508 item
736 2486 761 2510 iu
781 2491 849 2511 textu
872 2494 999 2521 -ὶπτεηχΰεμ

248 2538 280 2554 ἐς
289 2546 294 2552 ,
308 2526 333 2550 in
347 2534 423 2558 marg
440 2528 555 2556 ἁχθέυτες,
566 2523 650 2549 Morcl.
662 2529 802 2556 ἀναχθέντες.

1005 297 1217 335 ἀπῳκισμένοις,
1239 300 1299 336 ὑμῖν
1321 299 1348 329 δὲ
1370 300 1471 339 ῥᾴδιον,
1493 302 1695 339 παρακαλοῦμεν
1714 313 1771 329 συν-

1006 343 1074 380 εχῶς
1095 344 1159 380 ἡμῖν
1182 344 1343 373 ἐπιστέλλειν
1360 345 1394 374 τὰ
1407 346 1468 384 περὶ
1489 349 1536 381 τῆς
1552 346 1638 385 ὑγείας
1653 348 1700 381 τῆς
1714 348 1771 381 σῆς,

1007 386 1052 414 καὶ
1061 387 1158 420 παντὸς
1171 389 1245 426 ὑμῶν
1258 392 1303 418 τοῦ
1316 389 1395 419 οἴκου,
1419 391 1499 419 Οὕτω
1513 391 1565 430 γὰρ
1574 414 1581 426 ,
1596 392 1640 420 καὶ
1654 394 1679 420 ἐν
1693 393 1770 420 ἀλλο-

1006 431 1066 470 τρίᾳ
1087 432 1261 472 διατρίὸοντες
1272 457 1280 470 ,
1294 435 1395 470 πολλὴν
1408 436 1602 475 καρπωσόμεθα
1619 437 1665 472 τὴν
1684 436 1769 475 παρά-

1005 478 1107 513 κλησιν.

1270 710 1335 749 ρπζ’.
1351 711 1503 751 Προκοπίῳ.

1043 794 1139 833 Ὀλίγα
1154 795 1201 833 μέν
1217 807 1256 824 σοι
1271 794 1459 834 συνεγενόμεοα
1473 796 1578 831 αὐτόθι,
1592 796 1706 825 δέσποτα
1720 809 1768 836 μου

1003 840 1214 878 θαυμασιώτατε,
1229 841 1328 877 πολλὴν
1343 841 1370 871 δέ
1382 853 1427 871 σου
1442 842 1488 877 τὴν
1499 846 1592 881 πεῖραν
1604 845 1650 877 τῆς
1662 843 1770 882 γνησίας

1002 887 1146 926 εἰλήφαμεν
1166 886 1285 925 ἀγάπης,
1305 887 1348 916 καὶ
1360 889 1406 922 τῆς
1426 888 1592 927 ἀπράγμονος
1607 889 1709 927 ψυχῆς,
1725 889 1769 917 καὶ

1002 935 1048 968 τῆς
1059 932 1168 970 γνησίας
1182 933 1226 961 καὶ
1240 935 1338 972 Οερμῆς
1353 933 1499 966 διαθέσεως.
1513 934 1561 963 Διὸ
1573 934 1617 962 καὶ
1629 935 1693 974 πρὸς
1705 934 1769 963 αὐτὰ

1002 981 1048 1013 τῆς
1063 978 1217 1017 οἰκουμένης
1232 979 1424 1017 ἀπῳκισθέντες
1441 978 1473 1007 τὰ
1489 979 1608 1018 τέρματα
1619 1002 1626 1015 ,
1643 980 1687 1008 καὶ
1704 980 1768 1019 πρὸς

1002 1024 1082 1059 αὐτὴν
1104 1024 1152 1060 τὴν
1174 1025 1289 1064 ἐσχάτην
1305 1025 1416 1063 ἐρημίαν
1438 1025 1659 1064 ἰὀἰπενε-,ζθέντεῃ
1683 1025 1726 1054 διὰ
1740 1026 1770 1054 τὸ

1002 1073 1137 1109 πανταχοῦ
1154 1083 1182 1100 σε
1202 1071 1360 1111 περιφέρειν,
1380 1071 1496 1109 ὅπουπερ
1516 1070 1546 1099 ἂν
1569 1071 1700 1109 ἀπίωμεν,
1724 1071 1769 1099 καὶ

1002 1117 1071 1156 ἔχειν
1089 1116 1316 1155 ἐγκεκολαμμένον
1329 1118 1367 1155 τῷ
1383 1116 1521 1151 συνειδότι,
1539 1116 1584 1145 καὶ
1596 1117 1730 1156 γράφομεν
1741 1117 1770 1145 ἐκ

1002 1162 1124 1191 τοσούτου
1136 1162 1325 1201 διαστήματος,
1339 1162 1383 1191 καὶ
1393 1161 1440 1197 τὴν
1454 1162 1623 1201 ὀφειλομένην
1632 1162 1771 1191 ἀποδιδόα-

1005 1220 1052 1247 μεν
1063 1209 1208 1249 πρόσρησιν
1216 1220 1222 1226 ·
1235 1209 1281 1237 καί
1293 1220 1338 1237 σου
1350 1209 1555 1247 παρακαλοῦμεν
1561 1208 1608 1244 τὴν
1618 1208 1771 1247 ἐμμέλειαν,

1005 1257 1027 1284 εἷ
1041 1255 1077 1293 μὴ
1094 1255 1160 1294 βαρὺ
1175 1254 1220 1284 καὶ
1234 1254 1362 1294 ἐπαχθὲς,
1378 1254 1423 1283 καὶ
1440 1255 1517 1283 αὐτὸν
1529 1257 1593 1292 ἡμῖν
1607 1254 1704 1290 ταύτην
1715 1267 1770 1284 πα-

1007 1301 1090 1341 ρέχειν
1107 1301 1154 1337 τὴν
1169 1301 1256 1340 χάριν,
1268 1302 1312 1329 καὶ
1328 1301 1362 1330 τὰ
1375 1301 1435 1340 περὶ
1450 1303 1496 1336 τῆς
1510 1300 1598 1339 ὑγείας
1609 1300 1770 1339 εὐαγγελίζε·

1006 1350 1066 1376 σθαι
1081 1349 1152 1385 ἡμᾶς
1170 1348 1217 1381 τῆς
1237 1349 1293 1381 σῆς.
1318 1347 1491 1384 Μανθάνομεν
1513 1347 1563 1385 γὰρ
1586 1346 1652 1375 αὐτὰ
1673 1347 1718 1375 καὶ
1734 1346 1770 1384 μὴ

1005 1392 1157 1431 γράφοντος,
1169 1391 1227 1424 τοὺς
1239 1393 1333 1420 ἐκεῖθεν
1347 1392 1547 1430 ἀφικνουμένους
1559 1394 1714 1431 ἐρωτῶντες,
1729 1392 1772 1420 διὰ

1005 1438 1035 1467 τὸ
1047 1437 1146 1476 σφόδρα
1163 1437 1386 1476 περισπούδαστον
1404 1433 1470 1466 εἶναι
1482 1440 1545 1475 ἡμῖν
1558 1437 1652 1466 εἰδέναι
1667 1438 1700 1467 τὰ
1712 1438 1772 1476 περὶ

1006 1486 1052 1518 τῆς
1075 1482 1179 1522 ῥώσεως
1195 1485 1243 1517 τῆς
1263 1485 1309 1517 σῆς
1333 1483 1377 1511 καὶ
1397 1485 1444 1518 τῆς
1459 1484 1665 1521 εὖδοκιμῆσεως·
1683 1484 1772 1522 βουλό-

1007 1532 1074 1567 μεθα
1090 1529 1116 1558 δὲ
1131 1530 1175 1557 καὶ
1188 1529 1260 1569 παρὰ
1273 1530 1319 1563 τῆς
1330 1528 1449 1567 γλώττης
1461 1530 1508 1563 τῆς
1520 1532 1575 1565 σῆς,
1588 1530 1632 1558 καὶ
1643 1530 1715 1569 παρὰ
1727 1532 1773 1565 τῆς

1007 1576 1093 1615 χειρὸς
1108 1576 1155 1609 τῆς
1173 1576 1220 1609 σῆς
1234 1577 1316 1603 ταῦτα
1331 1575 1485 1610 δηλοῦσθαι,
1509 1574 1577 1604 ὥστε
1593 1576 1689 1610 διπλῆν
1703 1578 1774 1613 ἡμᾶς

1007 1621 1190 1660 ι’καρποῦσθαι
1209 1621 1255 1656 τὴν
1270 1620 1374 1655 ἡδονὴν,
1389 1620 1441 1649 ἀπό
1452 1632 1480 1649 τε
1493 1624 1538 1650 τοῧ
1548 1621 1666 1660 γράφειν,
1681 1620 1733 1650 ἀπό
1746 1633 1775 1649 τε

1007 1670 1051 1696 τοῦ
1065 1666 1211 1706 γράμματα
1227 1665 1348 1705 δέχεσθαι
1362 1665 1435 1706 παρὰ
1451 1669 1497 1701 τῆς
1513 1666 1639 1705 εὐγενείας
1655 1668 1701 1702 τῆς
1716 1668 1772 1701 σῆς.

1009 1712 1090 1740 Δίδου
1111 1711 1142 1747 δὴ
1165 1711 1262 1746 ταύτην
1277 1714 1341 1749 ἡμῖν
1356 1711 1403 1746 τὴν
1423 1711 1510 1751 χάριν,
1524 1712 1633 1748 ἡδίστην
1650 1724 1678 1741 τε
1697 1707 1775 1742 οὖσαν

1009 1757 1054 1786 καὶ
1071 1757 1184 1797 εὔλογον,
1197 1757 1242 1786 καὶ
1252 1757 1352 1791 πολλὴν
1366 1759 1429 1795 ἡμῖν
1443 1757 1610 1797 παρέχουσαν
1622 1757 1669 1793 τὴν
1687 1759 1776 1797 εὔφρο-

1011 1803 1097 1838 σύνην.

1261 1929 1332 1968 pur-2¹,
1348 1928 1532 1968 Μαρκελλίνῳ.

1050 2017 1096 2048 Εἷς
1111 2015 1158 2053 μὲν
1174 2014 1237 2043 αὐτὸ
1250 2013 1280 2043 τὸ
1295 2014 1406 2043 πάντων
1418 2015 1579 2053 ἐρημότατον
1594 2013 1690 2054 χωρίον
1707 2014 1778 2050 ἀπή-

1014 2064 1129 2101 χΟημεν,
1154 2060 1219 2096 (τὴν
1242 2060 1406 2089 Κουκουσόν·
1429 2060 1498 2096 πλὴν
1519 2059 1581 2089 ὅταν
1604 2059 1651 2094 τὴν
1673 2059 1778 2098 ἀγάπην

1014 2109 1087 2146 ὑμῶν
1099 2108 1149 2136 τῶν
1161 2106 1301 2146 φιλούντων
1313 2108 1383 2144 ἡμᾶς
1394 2106 1568 2144 ἐννοήσωμεν,
1583 2106 1708 2145 μεγίστην
1718 2117 1780 2144 καρ-

1013 2153 1132 2191 πούμεΟα
1148 2153 1330 2191 παράκλησιν,
1352 2153 1378 2180 ἐν
1394 2151 1493 2192 ἐρημίᾳ
1507 2153 1686 2184 πλουτοῦντες.
1708 2151 1778 2181 Οὐδὲ

1015 2199 1065 2238 γὰρ
1077 2202 1090 2228 ὁ
1103 2199 1190 2238 τυχὼν
1204 2198 1342 2237 θησαυρὸς,
1357 2198 1457 2237 ἀνδρῶν
1473 2197 1655 2236 επιτυγχάνειν
1668 2197 1781 2236 γνησίως

1016 2248 1098 2285 φιλεῖν
1124 2245 1238 2275 εἰδότων.
1266 2245 1316 2274 Διὰ
1341 2244 1372 2279 δὴ
1396 2247 1473 2273 τοῦτο
1497 2244 1544 2272 κᾶν
1566 2243 1603 2282 μὴ
1621 2245 1658 2283 τῷ
1678 2244 1781 2281 σώματι

1016 2293 1153 2331 παρῶμεν,
1169 2293 1230 2329 ὑμῖν
1246 2293 1278 2329 τῇ
1291 2292 1362 2329 ψυχῇ
1375 2290 1558 2327 συνδεδέμεθα,
1574 2292 1605 2328 τῇ
1621 2292 1666 2324 τ’ἧς
1677 2288 1781 2327 ἀγάπης

1017 2337 1105 2366 ἁλύσει
1124 2336 1301 2376 σφιγγόμενοι.
1326 2335 1408 2364 “OOsv
1425 2336 1469 2364 καὶ
1491 2335 1675 2372 ἐπιστέλλομεν
1691 2336 1720 2364 ἐκ
1739 2346 1782 2363 το-

1018 2382 1108 2412 σούτου
1131 2382 1317 2420 διαστήματος,
1340 2381 1382 2410 καὶ
1402 2381 1448 2416 τὴν
1461 2380 1628 2419 ὀφειλομένην
1641 2380 1782 2408 ἀποδιδόα-

1060 2490 1070 2506 Ι’
1091 2490 1144 2513 Ι)ιιυ
1157 2489 1214 2512 Mss.
1230 2491 1397 2520 mpmsswovaz.

1058 2536 1066 2546 ι·
1088 2527 1165 2552 vatic.
1182 2532 1219 2556 τὴν
1233 2531 1352 2552 κωκυ-,σόν
1365 2525 1394 2549 dc
1408 2533 1485 2550 mores
1501 2524 1561 2549 Vide
1574 2534 1647 2557 supra
1660 2525 1729 2558 epist.
1739 2526 1779 2549 81.
