1828 2815
191 150 258 186 206
516 160 544 183 S.
573 158 711 183 JOANNIS
737 155 916 180 CHRYSOST.
946 155 1102 178 AncntEP.
1130 154 1396 177 CONSTANTffiOP.

190 223 248 260 lati,
266 220 438 256 unanimiter,
454 231 508 250 uno
519 231 564 250 ore
578 230 683 258 unaque
696 219 793 255 anima,
806 227 900 258 perpe-
955 215 1135 255 ὀφειλομένους
1157 215 1369 255 εὐχαριστηρίους
1387 214 1480 253 ὕμνους
1498 216 1576 254 αὒτῷ,
1591 215 1631 243 ὅτι
1650 216 1721 253 αὐτῷ

191 276 238 297 tuo
266 267 411 306 gratiarum
440 267 552 296 actionis
574 267 692 306 hymnos
718 265 769 304 ipsi
797 264 902 293 debitos
956 266 972 298 ἡ
989 262 1049 295 δόξα
1066 262 1110 291 καὶ
1130 262 1159 291 τὸ
1179 263 1288 301 κράτος,
1302 263 1338 294 εἷς
1353 261 1412 294 τοὺς
1430 263 1526 294 αἰῶνας
1536 263 1588 290 τῶν
1611 261 1720 290 αἰώνων.

192 314 347 351 offeramus,
359 312 485 351 quoniam
496 312 547 352 ipsi
561 312 646 351 gloria
661 318 687 340 et
700 310 854 350 imperium,
875 309 902 337 in
958 308 1049 345 Ἀμήν.

192 360 287 388 saecula
302 358 468 388 saeculorum.
484 360 578 387 Amen.

763 563 1169 629 MONITUM

608 720 672 755 AD
697 718 818 756 DUAS
844 716 1069 754 HOMILIAS
1095 715 1142 751 IN
1170 717 1326 759 lLLUD,

564 845 785 876 SALUTATE
807 844 1060 873 PRISCILLAM
1077 844 1135 872 ET
1153 843 1362 882 AQUILAM.

234 967 278 994 Ex
290 964 364 993 hisee
377 963 483 992 duabus
495 963 613 992 homiliis
623 963 673 991 vix
688 961 836 1000 quidquam
852 971 943 990 eruere
955 970 1107 999 possumus,
1123 959 1194 988 unde
1207 970 1260 998 quo
1275 959 1374 988 habitae
1390 966 1509 998 tempore
1528 959 1627 988 suerint
1647 960 1725 1000 expi-

194 1021 312 1047 scemur5
327 1010 378 1038 hoc
394 1020 477 1037 unum
489 1015 528 1037 sat
541 1008 677 1047 probabili
691 1008 841 1046 conjectura
853 1006 914 1034 fulti
925 1005 1052 1041 dicimus,
1065 1006 1195 1034 nimirum
1210 1005 1356 1034 verisimile
1375 1015 1430 1033 esse
1442 1005 1503 1033 illas
1516 1005 1663 1034 Antiochiae
1675 1006 1726 1035 lia-

194 1057 264 1085 bitas
274 1056 365 1084 fuisse.
382 1054 490 1083 Etenim
505 1054 584 1082 illum
600 1054 627 1081 in
644 1052 801 1081 sacerdotali
816 1051 905 1079 adhuc
920 1050 1013 1079 ordine
1026 1051 1108 1079 fuisse
1117 1051 1196 1089 argui
1212 1050 1320 1079 videtur
1334 1061 1370 1078 ex
1382 1050 1416 1079 iis
1427 1061 1485 1088 quae
1499 1050 1534 1078 de
1547 1050 1730 1081 sacerdotibus

194 1102 280 1137 istius,
291 1101 317 1129 in
329 1111 380 1139 qua
391 1099 515 1138 degebat,
529 1099 604 1127 urbis
618 1099 720 1136 aliquot
730 1098 757 1125 in
768 1097 833 1125 locis
845 1096 897 1131 ait3
909 1096 1026 1124 maxime
1034 1096 1134 1124 veroin
1146 1096 1261 1124 secunda
1271 1096 1394 1132 homilia,
1409 1107 1483 1124 num.
1500 1097 1528 1133 5,
1537 1097 1585 1125 ubi
1594 1097 1731 1126 auditores

194 1157 314 1186 carpens,
324 1146 396 1184 qnod
405 1144 517 1183 quidam
526 1144 651 1172 coi-urnin
659 1142 806 1171 sacerdotes
815 1142 913 1181 probra
925 1148 949 1169 ct
958 1141 1077 1170 convicia
1084 1141 1202 1180 jacerent
1211 1153 1218 1177 ;
1229 1141 1275 1170 alii
1286 1152 1348 1170 vero
1370 1142 1426 1170 haec
1435 1141 1572 1170 audientes
1584 1143 1730 1172 maledicos

193 1193 255 1221 illos
268 1202 320 1220 non
334 1196 540 1230 compescerent,
557 1189 620 1217 talia
640 1189 711 1217 fatur
726 1200 731 1215 ε
748 1188 826 1226 Quid
834 1188 896 1215 illis
906 1188 996 1226 suerit
1007 1189 1128 1222 beatius,
1140 1188 1212 1227 quid
1220 1194 1317 1216 autem
1330 1189 1411 1216 nobis
1423 1189 1555 1216 miserius
1567 1191 1579 1215 Ρ
1594 1189 1730 1226 Quando-

194 1239 311 1278 quidem
335 1238 381 1266 illi
396 1238 568 1275 sanguinem
583 1242 610 1264 et
625 1236 756 1264 animam
768 1244 822 1272 pro
838 1234 1062 1272 proeceptorihus
1082 1234 1310 1272 profundebant,
1324 1244 1375 1262 nos
1395 1239 1492 1261 autem
1504 1244 1596 1272 neque
1607 1235 1730 1262 verbum

193 1294 246 1323 pro
259 1284 462 1312 communibus
473 1283 619 1321 patribus,
635 1281 700 1320 ὑπὲρ
713 1283 764 1309 τῶν
780 1282 873 1309 κοινῶν
888 1279 1019 1318 πατέρων,
1033 1280 1161 1307 emittere
1182 1279 1333 1313 audemus,
1359 1280 1411 1307 sed
1431 1289 1496 1307 eum
1517 1280 1672 1308 audiamus
1691 1281 1732 1308 eis

195 1330 333 1358 maledici
343 1336 370 1357 et
380 1329 518 1357 conviciis
527 1337 574 1355 eos
583 1327 769 1355 dehonestari
780 1332 807 1356 et
821 1336 840 1354 a
852 1327 911 1354 suis
923 1331 950 1353 et
959 1326 996 1352 ab
1007 1324 1124 1360 alienis,
1135 1325 1294 1352 maledicos
1307 1335 1398 1363 neque
1412 1326 1626 1362 compescimus,
1640 1336 1732 1364 neque

199 1375 449 1414 reprehendimus,
463 1383 555 1411 neque
567 1372 762 1410 prohibemus.
783 1371 847 1399 Haec
869 1377 937 1399 certe
953 1380 1005 1397 11011
1025 1368 1151 1399 videntur
1175 1380 1230 1398 esse
1246 1369 1318 1397 dicta
1336 1369 1586 1408 Chrysostomijam
1611 1371 1729 1411 episcopi

197 1419 486 1458 Constantinopolitani
499 1429 504 1445 :
518 1427 603 1455 neque
614 1417 686 1445 enim
702 1416 748 1444 ille
759 1417 817 1455 jam
831 1416 970 1455 episeopus
985 1414 1132 1443 sacerdotes
1144 1415 1215 1452 illos,
1232 1415 1279 1453 qui
1294 1414 1424 1443 conviciis
1438 1415 1645 1454 impetebantur,
1663 1426 1732 1445 com-

197 1476 290 1494 munes
305 1471 395 1504 patres
409 1463 588 1502 appellasset,
603 1462 661 1491 veri
675 1469 763 1490 autem
780 1461 896 1490 similius
911 1468 948 1489 est
971 1472 1042 1495 011111,
1055 1471 1116 1489 011111
1132 1461 1246 1489 seniores
1262 1461 1387 1489 Ecclesiae
1403 1460 1572 1489 Antiocheam
1585 1462 1732 1491 sacerdotes

199 1510 305 1550 probris
316 1516 438 1538 oneratos
451 1515 578 1543 cerneret,
596 1507 701 1535 eosdem
717 1514 825 1545 patrum
834 1506 892 1535 1000
902 1506 1039 1543 habuisse,
1054 1506 1344 1545 sicqucappcllasse.ln
1361 1506 1434 1535 111500
1445 1517 1524 1544 porro
1532 1506 1637 1536 duabus
1649 1507 1736 1536 homi-

200 1555 243 1584 liis
258 1555 285 1584 id
298 1554 478 1583 demonstrare
493 1553 587 1581 nititur
602 1552 818 1591 Chrysostomus,
833 1551 906 1589 quod
917 1558 941 1579 et
956 1551 1022 1579 alibi
1038 1552 1198 1589 frequenter,
1211 1551 1337 1580 nimirum
1351 1552 1545 1591 inscriptiones,
1556 1553 1663 1581 nomina
1672 1563 1732 1592 pro-

199 1601 270 1640 pria,
287 1600 467 1634 salutationes,
478 1599 596 1637 aliasque
612 1598 786 1637 quantumvis
799 1597 924 1625 minimas
945 1597 1090 1636 Scripturae
1105 1608 1185 1625 sacrae
1208 1597 1363 1636 particulas,
1378 1608 1430 1625 non
1455 1608 1670 1636 supervacaneaS,
1685 1598 1732 1627 sed

199 1646 342 1685 diligenter
351 1645 524 1674 excutiendas
531 1656 586 1673 esse
596 1657 601 1672 :
611 1655 671 1673 eum
681 1654 746 1673 vero
754 1643 938 1682 inscriptiones
945 1649 969 1670 ct
978 1642 1086 1670 nomina
1094 1649 1283 1670 commemorat
1290 1642 1367 1671 initio
1373 1642 1493 1671 secnndae
1504 1639 1660 1683 (1100115,ἆρα
1668 1644 1733 1682 ἐμά·

155 1708 190 1727 172
201 1695 257 1720 θετε
266 1692 310 1721 καὶ
326 1690 471 1730 ἐπιγραφὰς
479 1714 486 1727 ,
498 1691 544 1720 καὶ
554 1691 682 1729 ὀνόματα,
690 1690 735 1718 καὶ
745 1689 822 1729 ψιλὰς
832 1689 1048 1728 περιεργάζεσθαι
1057 1689 1215 1727 προσρήσεις
1224 1711 1231 1723 ,
1242 1689 1319 1716 lt'um
1332 1689 1473 1716 didicistis
1487 1695 1513 1717 et
1521 1690 1732 1728 inscriptiones,

202 1745 229 1767 et
248 1740 375 1773 nomina,
388 1743 415 1765 et
438 1737 582 1775 simplices
601 1737 794 1765 salutationes
810 1736 966 1774 diligenter
983 1736 1015 1762 in
1033 1734 1187 1772 Scripturis
1207 1735 1399 1771 excutienda3
1415 1744 1484 1771 eum,
1501 1734 1624 1772 inquam,
1638 1735 1729 1763 inscri-

202 1784 316 1823 ptiones,
329 1790 354 1811 et
368 1782 486 1819 nomina,
497 1782 525 1810 id
539 1789 586 1820 cst,
603 1782 712 1810 nomina
736 1781 844 1820 propria
860 1787 1063 1817 commemorat,
1079 1779 1248 1808 subindicare
1268 1790 1377 1818 prorsus
1392 1779 1500 1808 videtur
1512 1786 1625 1818 quatuor
1636 1780 1732 1809 Homi-

201 1830 334 1867 lias,quas
346 1828 379 1856 dc
387 1828 558 1867 inscriptione
567 1830 684 1857 Actuum
692 1827 777 1865 deque
787 1826 847 1854 aliis
855 1826 1000 1865 Scripturas
1010 1836 1091 1854 sacra}
1105 1825 1334 1864 inscriptionibus,
1350 1835 1450 1853 necnon
1462 1832 1576 1863 quatuor
1590 1825 1656 1855 alias
1667 1837 1735 1865 quas

202 1876 236 1904 de
247 1875 413 1909 nominibus,
428 1885 459 1903 110
475 1874 508 1902 de
524 1874 663 1903 nominum
680 1873 827 1902 mutatione
840 1871 987 1900 Antiochiae
1006 1871 1144 1899 habuerat.
1164 1870 1244 1899 Unde
1260 1870 1341 1898 etiam
1355 1870 1458 1898 eruitur
1473 1870 1551 1899 hasce
1566 1871 1633 1899 duas
1647 1871 1734 1900 homi-

204 1922 252 1950 lias
273 1919 418 1949 Antioehiae
443 1919 548 1948 liabitas
572 1920 655 1949 fuisse
669 1931 675 1947 :
689 1929 751 1947 nam
768 1941 774 1955 ,
799 1924 828 1946 ut
850 1917 944 1955 liquet,
967 1916 1092 1945 eumdem
1118 1916 1163 1945 ille
1191 1915 1321 1955 populum
1332 1937 1340 1952 ,
1358 1915 1403 1954 qui
1429 1923 1588 1944 memoratas
1611 1915 1734 1944 audierat

204 1967 337 2001 homilias,
350 1966 505 2004 alloquitur.

244 2011 468 2041 Priorishoiniliae
487 2011 669 2051 interpretatio
679 2010 773 2040 Latina
782 2015 821 2039 est
835 2009 976 2038 Frontonis
985 2007 1086 2045 Ducaei,
1098 2007 1250 2047 posterioris
1266 2018 1329 2037 vcro
1339 2006 1508 2046 sigismundi
1520 2007 1636 2045 Gelenii,
1653 2017 1734 2045 quam

206 2057 298 2087 multis
309 2058 335 2086 in
346 2057 411 2086 10015
427 2057 626 2097 castigavimus.
