1843 2810
221 162 291 202 [18ss

219 236 269 265 tibi
282 236 428 265 maximam
441 235 543 264 adferre
555 235 652 275 poterit
663 234 815 263 utilitatem.
824 231 932 260 Etenim

219 281 266 320 qui
275 288 410 321 exspectat
423 288 617 320 paupertatem.
632 281 657 308 in
669 279 773 308 divitiis
784 288 835 306 non
846 277 932 305 extol-

218 327 294 363 litur,
311 337 362 355 non
380 327 521 362 mollescit,
540 337 591 354 non
607 326 718 361 diffluit,
737 334 788 352 non
804 322 933 362 concupi-

219 373 268 402 scit
283 373 384 402 aliena:
398 384 460 402 nam
478 372 681 413 exspectationis
695 378 780 399 metus
794 369 932 409 paedagogi

222 419 362 458 cujusdam
377 419 434 448 vice
446 420 551 448 cohibet
565 420 621 457 ejus
635 424 761 451 mentem,
771 426 818 444 nec
831 416 932 455 patitur

220 465 291 494 mala
308 465 426 494 avaritiae
444 465 563 504 germina
585 463 719 499 subnasci,
737 462 801 491 dum
815 473 845 490 ea
860 468 932 490 metu

221 511 414 539 contrariorum
427 510 511 539 veluti
526 510 592 538 falec
602 509 719 548 quadam
731 508 856 548 prohibet
870 518 930 536 cre—

221 567 292 584 scere
306 563 489 596 amputatque.

260 602 288 631 4.
304 602 360 630 Hoc
377 602 460 641 igitur
473 612 556 629 unum
569 607 607 629 est
619 611 632 628 e
644 600 770 629 maximis
780 600 858 628 honis
872 611 931 638 quae
951 614 970 633 A

221 648 373 677 lucrifacies
386 661 391 676 :
405 648 519 676 alterum
542 654 630 674 autem
652 657 704 675 non
717 653 755 675 est
769 646 820 674 isto
833 646 933 680 minus,

222 693 347 723 videlicet
361 701 390 722 ut
402 694 423 722 si
433 693 571 722 accesserit
585 699 736 732 pauperum,
752 703 804 721 non
818 703 934 732 expave-

546 174 574 195 S.
601 172 739 195 JOANMS
766 169 944 193 CHRYSOST.

94 751 213 779 Exspecta·
223 751 287 768 scas.
298 740 442 768 Praevertat
453 750 515 778 crgo
524 739 606 768 tristis
615 739 785 778 exspectatio,
795 739 934 777 nequando

69 783 100 803 tio
108 784 212 806 tristium„

71 821 95 833 ca
113 821 162 833 cum
175 813 214 832 :id-

70 845 172 864 venerint

71 876 162 903 mitigat.

224 786 312 815 veniat
336 787 393 825 ipsa
418 786 534 814 tristium
550 785 776 824 experientiazob
795 785 845 813 hoe
864 785 935 813 enim

223 832 295 860 venit
316 831 478 871 experientia
490 854 496 865 ‚
510 831 583 869 quod
603 842 655 859 non
672 830 741 859 adsit
755 831 931 870 exspectati03

223 877 297 916 quod
312 877 335 906 si
350 877 394 905 illa
408 877 564 906 correxisset
584 876 730 912 hominem,
747 877 797 906 hac
812 887 864 905 non
880 884 935 905 erat

69 937 140 957 Jonas
158 945 177 958 c,
187 936 209 957 3,
224 934 290 963 opus
304 923 461 952 admodum.
476 923 563 962 Hujus
575 922 613 951 rei
627 923 699 951 testis
711 924 791 952 Jonas
806 923 935 951 Ninivitis

223 970 371 1009 praedicans
385 970 524 998 interitum
537 981 543 1000 :
557 969 689 1008 siquidem
707 969 746 998 illi
759 969 824 998 dum
836 980 934 1009 exspe-

223 1023 294 1045 ctant
304 1016 377 1054 quod
390 1016 517 1056 propheta
526 1015 696 1055 praedixerat,
703 1016 740 1044 eis
748 1016 886 1044 imminere
895 1027 937 1044 ca-

222 1062 369 1091 lamitatem
392 1062 577 1097 insanabilem,
592 1062 786 1101 exspectatione
802 1062 934 1090 malorum

223 1115 396 1137 venturorum
410 1109 544 1145 fregerunt
560 1109 627 1136 iram
642 1108 771 1142 numinis;
783 1115 873 1136 contra
885 1109 934 1137 Ju-

224 1154 274 1183 dzei
291 1165 342 1182 non
357 1154 492 1183 credentes
507 1154 643 1194 prophetae
661 1153 815 1193 praedicenti
830 1155 934 1194 Jeroso-

73 1207 141 1226 nmo.
158 1204 193 1235 ¹4-
225 1200 362 1239 lymoruin
385 1199 521 1228 excidium
533 1222 540 1235 ,
559 1199 653 1228 acerba
669 1200 785 1239 perpessi
800 1207 869 1229 sunt.
884 1201 936 1229 Sa-

72 1238 109 1259 16.

223 1248 305 1285 piens
319 1248 395 1274 enim
408 1253 535 1274 metuens
551 1246 711 1274 declinavit
726 1247 852 1279 malum;
862 1249 936 1275 insi-

222 1294 426 1332 piensfiducia
440 1303 494 1321 sua
511 1294 712 1332 confunditur.
728 1293 781 1327 Qui
802 1301 936 1332 exspectat

223 1345 418 1377 paupertatem,
431 1338 497 1366 dum
510 1345 631 1367 versatur
642 1339 668 1367 in
683 1338 798 1375 divitiis,
812 1339 886 1367 haud
897 1340 935 1367 sa-

224 1383 274 1411 cile
289 1384 334 1412 siet
347 1394 462 1423 pauper:
476 1395 536 1412 nam
548 1383 619 1422 quod
635 1384 669 1412 ab
681 1385 875 1423 exspectatione
890 1385 935 1413 lu—

227 1429 295 1456 crari
307 1429 427 1464 noluisti,
443 1429 471 1457 id
483 1429 517 1457 ab
530 1429 587 1468 ipsa
599 1429 761 1468 experientia
774 1430 885 1469 pulchre
896 1431 936 1459 di-

225 1484 289 1504 sces.
308 1474 425 1503 Proinde
439 1485 500 1503 eum
514 1475 540 1503 in
555 1475 658 1503 divitiis
677 1486 719 1511 es,
731 1483 854 1515 exspecta
869 1488 935 1516 pau-

227 1528 354 1560 pertatem
368 1532 374 1547 :
388 1531 447 1549 cum
463 1520 489 1548 in
503 1521 638 1549 affluentia
650 1543 656 1555 ‚
674 1529 798 1560 exspecta
820 1523 915 1551 famem
929 1535 934 1550 :

226 1578 287 1595 cnm
310 1567 337 1595 in
360 1567 455 1605 gloria,
473 1574 597 1606 exspecta
620 1567 793 1605 ignominiam
810 1580 816 1595 :
831 1579 891 1597 cum
909 1570 935 1598 in

226 1614 337 1641 sanitate
350 1613 436 1645 vivis,
449 1620 570 1652 exspecta
592 1613 724 1641 morbum.
740 1614 852 1643 Assiduc
873 1626 936 1654 pei·-

227 1658 312 1697 pende
326 1669 415 1686 rerum
430 1659 606 1686 humanarum
626 1666 762 1695 naturam,
777 1671 835 1698 qua}
851 1661 937 1690 nihilo

227 1705 322 1733 melius
333 1705 423 1739 habet,
442 1715 522 1742 quam
537 1705 657 1733 amnium
670 1705 808 1742 defluxus,
819 1714 842 1735 et
865 1707 937 1735 sumo

227 1751 254 1779 in
269 1762 355 1779 aerem
366 1758 536 1779 evanescente
545 1751 665 1788 fugacior
675 1758 721 1785 cst,
729 1758 753 1780 et
765 1753 859 1781 umbra
871 1764 938 1792 prce-

228 1804 391 1825 tei-currente
405 1796 554 1824 inanior.ln
567 1796 609 1824 his
623 1796 643 1824 si
661 1797 865 1836 philosophatus
879 1799 937 1827 fue-

228 1843 275 1875 ris,
293 1853 339 1871 nec
353 1843 444 1871 suavia
459 1849 484 1870 te
498 1848 622 1881 poterunt
642 1842 744 1877 inflare,
762 1853 809 1872 nec
830 1845 939 1874 molesta

227 1889 339 1928 dejicere
349 1900 354 1915 ε
364 1889 385 1916 si
403 1888 576 1927 praesentibus
590 1888 666 1916 bonis
678 1899 728 1916 non
738 1888 883 1919 admodum
896 1891 940 1919 in—

229 1935 340 1969 hau-eas,
356 1945 441 1972 neque
455 1934 487 1962 iis
509 1933 664 1962 absentibus
684 1934 897 1965 diseruciaberis.
910 1938 939 1966 Si

230 1981 408 2009 consuefacias
423 1980 543 2008 animum
559 1979 593 2008 ad
608 1981 831 2019 exspectationem
846 1982 940 2012 adver-

230 2038 332 2063 sorum,
347 2038 418 2066 sa‘pc
433 2026 540 2065 quidem
555 2026 601 2054 fiet
616 2033 645 2054 ut
657 2026 769 2055 adversa
793 2039 845 2057 non
868 2030 939 2058 acci-

229 2072 304 2105 dant,
319 2072 365 2100 sed
380 2073 402 2100 si
416 2071 576 2107 acciderint,
589 2083 640 2101 non
653 2072 822 2103 vehementer
831 2081 857 2103 te
869 2086 942 2105 com-

231 2119 387 2146 movebunt.

273 2166 298 2193 5.
312 2167 397 2202 Atque
409 2171 437 2192 ut
451 2164 604 2201 intelligatis
618 2175 660 2193 me
673 2165 730 2194 haee
742 2177 793 2195 non
804 2178 837 2196 ex
852 2169 943 2208 conje-

233 2217 307 2238 etnra
318 2209 401 2246 loqui,
411 2209 470 2237 volo
479 2210 555 2238 vobis
563 2221 669 2239 narrare
679 2219 793 2240 veterem
799 2215 943 2251 quamdam

124 2268 177 2290 suhi
189 2268 224 2287 hi-
234 2255 382 2284 historiam.
399 2255 461 2283 Fuit
477 2255 517 2283 vir
533 2256 642 2293 quidam
659 2257 828 2287 admirabilis
843 2267 867 2288 et
882 2271 943 2289 ma—

83 2305 148 2320 :tm-ia

82 2331 167 2352 laudes.

204 2303 224 2319 ⁰¹
235 2312 302 2339 gnus
317 2308 341 2329 et
357 2300 456 2338 ubique
471 2311 517 2338 per
531 2301 622 2329 orbem
638 2308 768 2331 terrarum
783 2305 942 2346 celebratus,

235 2348 328 2376 beatus
344 2347 389 2375 ille
402 2347 467 2381 Job,
483 2346 528 2374 ille
548 2347 652 2385 pietatis
676 2348 788 2385 athleta,
804 2350 848 2379 ille
864 2354 943 2382 totius

236 2393 329 2422 mundi
341 2393 427 2421 vietor
441 2399 465 2420 et
479 2392 622 2427 eoronifer,
637 2393 681 2431 qui
693 2404 741 2432 per
755 2397 842 2424 omnia
859 2406 943 2428 certa-

236 2440 337 2468 minum
365 2449 458 2477 genera
487 2438 622 2474 transivit,
648 2439 693 2476 qui
719 2440 856 2471 innumera
884 2451 943 2473 tro-

236 2496 292 2525 paea
308 2485 392 2513 crexit
416 2483 521 2512 devicto
545 2483 662 2513 diabolo.
681 2484 730 2513 Hic
751 2486 801 2514 suit
823 2487 897 2519 dives
918 2500 944 2521 et

270 2574 280 2585 «ι
298 2567 327 2590 In
340 2566 477 2592 Proverbiis
489 2567 577 2600 legitur
591 2570 629 2599 Η,
644 2570 684 2600 46,
697 2573 708 2594 ὸ
718 2572 740 2595 δὲ
752 2575 828 2605 ἀρρωυ
839 2575 910 2606 ἑαυτῷ
921 2585 986 2601 rano:

942 583 976 603 408

975 168 1130 191 Ananim).
1157 168 1341 192 CONSTANTI
1347 168 1422 191 NOP.

985 232 999 259 ὁ
1013 230 1065 270 γὰρ
1086 233 1133 266 τῆς
1152 231 1309 270 προσδοκίας
1324 230 1401 270 ῳόὸος
1422 229 1480 258 ἀντὶ
1493 230 1660 268 παιδαγωγοῦ
1675 239 1744 263 τινος

985 276 1076 316 παρὼν
1099 277 1262 317 σωφρονίζει,
1282 276 1452 306 καταστέλλει
1478 275 1524 311 τὴν
1552 276 1677 311 διάνοιαν,
1699 276 1744 305 καὶ

986 323 1087 361 πονηρὰ
1112 323 1287 361 βλαστήματα
1311 323 1344 352 τὰ
1370 323 1422 351 ἀπὸ
1444 325 1490 357 τῆς
1509 322 1678 361 φιλαργυρίας
1698 323 1743 350 οὐκ

986 369 1078 408 ἀφίησι
1092 371 1203 408 φυῆναι,
1229 369 1317 408 ὥσπερ
1337 369 1450 409 δρεπάνῃ
1466 369 1516 396 τινὶ
1538 370 1574 407 τῷ
1595 368 1667 407 φόὸῳ
1691 369 1742 396 τῶν

986 415 1108 444 ἐναντίων
1124 414 1230 444 κωλύων
1246 415 1310 444 αὐτὰ
1328 415 1373 443 καὶ
1388 414 1565 453 περικόπτων.

1026 600 1075 629 Ἓν
1095 600 1140 637 μὲν
1155 596 1198 630 οῧν
1226 603 1302 629 τοῦτο
1328 599 1449 638 μέγιστον
1475 600 1569 638 ἀγαθὸν
1598 600 1728 639 κερδανεῖς
1737 609 1743 614 ·

987 646 1073 685 ἕτερον
1089 647 1114 675 δὲ
1128 649 1172 675 οὐκ
1183 646 1290 675 ἔλαττον
1304 646 1393 675 τούτου
1402 667 1409 679 ,
1426 646 1456 674 τὸ
1470 646 1514 674 καὶ
1533 645 1745 684 παραγενομένης

988 694 1067 727 αὐτῆς
1082 692 1116 730 μὴ
1131 692 1283 721 δεδοικέναι.
1301 691 1517 731 Προλαμὸανέτω
1530 692 1615 720 τοίνυν
1630 694 1646 727 ἡ
1664 702 1744 731 προσ-

988 738 1062 767 δοκία
1088 741 1139 767 τῶν
1163 738 1298 777 θλιὸερῶν,
1311 738 1353 767 ἵνα
1370 737 1405 776 μὴ
1427 737 1608 777 παραγένηται
1630 739 1645 772 ἡ
1667 741 1746 775 πεῖρα

987 786 1038 813 τῶν
1053 786 1175 824 λυπηρῶν
1187 797 1193 803 ·
1215 784 1258 813 διὰ
1273 789 1347 814 τοῦτο
1361 788 1377 820 ἡ
1396 788 1475 824 πεῖρα
1489 784 1602 823 ἔρχεται,
1619 782 1708 818 ἐπειδὴ
1728 785 1745 818 ἡ

987 830 1130 869 προσδοκία
1144 832 1172 860 οὒ
1193 831 1335 870 πάρεστιν·
1356 830 1412 859 ἐπεὶ
1431 830 1482 868 εἴγε
1506 830 1590 865 ἐκείνη
1613 828 1747 868 κατώρθου

988 877 1031 905 τὸν
1043 878 1192 915 ἄνθρωπον,
1207 879 1235 906 οὖ
1258 877 1356 916 σφόδρα
1372 876 1469 912 ταύτης
1488 876 1547 905 ἔδει.
1571 876 1624 905 Καὶ
1648 876 1746 914 μάρτυς

988 922 1078 952 τούτου
1089 923 1132 951 ἐπὶ
1146 926 1197 951 τῶν
1214 924 1355 951 Νινευιτῶν
1368 923 1458 956 Ἰωνᾶς
1470 925 1482 951 ὁ
1493 922 1629 961 προφήτης
1639 934 1644 940 ·
1656 923 1691 954 ὡς
1705 922 1746 950 ἔλ-

989 969 1105 1002 πίζοντες
1114 971 1207 997 ἐκεῖνοι
1215 971 1247 1007 τῇ
1260 972 1304 997 τοῦ
1313 969 1446 1008 προφήτου
1459 969 1602 1008 προῤῥήσει
1612 967 1747 1006 ἀνηκέστῳ

988 1019 1137 1055 περιπεσεῖν
1151 1021 1286 1055 συμφορᾷ,
1300 1017 1332 1054 τῇ
1347 1015 1490 1055 προσδοκία
1504 1018 1555 1043 τῶν
1571 1013 1746 1052 ἐλευσομένων

988 1063 1075 1090 κακῶν
1093 1061 1260 1101 ἀπέστρεψαν
1276 1061 1322 1096 τὴν
1340 1061 1418 1101 ὀργήν
1429 1073 1435 1078 ·
1449 1060 1572 1090 Ἰουδαῖοι
1592 1061 1618 1089 δὲ
1640 1060 1676 1099 μὴ
1690 1072 1747 1089 πει-

989 1107 1090 1140 σθέντες
1103 1109 1140 1146 τῷ
1152 1108 1273 1148 προφήτῃ
1283 1107 1384 1146 λέγοντι
1396 1107 1443 1142 τὴν
1452 1107 1547 1136 ἅλωσιν
1560 1106 1746 1146 Ἰερουσαλὴμ,

989 1153 1138 1189 ὑπέστησαν
1166 1154 1199 1182 τὰ
1222 1154 1301 1182 δεινά.
1317 1154 1401 1193 Σοφὸς
1413 1154 1462 1192 γὰρ
1477 1153 1598 1192 mog-smel:
1621 1152 1747 1186 ἐξέκλινεν

990 1200 1041 1229 ἀπὸ
1067 1203 1147 1229 κακοῦ
1157 1212 1163 1217 ·
1184 1202 1197 1229 ὁ
1225 1201 1251 1229 δὲ
1266 1200 1372 1240 ἱ“ο“ίφρων
1399 1200 1519 1239 μίγνυται
1544 1198 1682 1232 πεποιθώς.
1715 1198 1748 1227 ‘O

990 1246 1099 1278 ἐλπίζων
1122 1245 1241 1284 γενέσθαι
1265 1246 1360 1282 πένης,
1377 1248 1402 1275 ἐν
1427 1246 1552 1286 εὐημερίᾳ
1575 1246 1680 1283 διοίγων,
1702 1247 1749 1274 οὐκ

992 1293 1020 1320 ἂν
1035 1292 1135 1331 ταχέως
1150 1293 1256 1332 γένηται
1266 1293 1383 1328 πένης-ὃ
1398 1293 1448 1332 γὰρ
1465 1294 1516 1322 ἀπὸ
1530 1296 1576 1328 τῆς
1590 1293 1749 1333 προσδοκίας

991 1339 1113 1376 κερδᾶναι
1134 1340 1181 1367 οὐκ
1197 1339 1339 1375 ἠθέλησας,
1365 1339 1416 1368 ἀπὸ
1431 1341 1477 1374 ’.ἧς
1494 1339 1584 1377 πείρας
1599 1342 1672 1368 τοῦτο
1694 1351 1748 1377 μα-

991 1383 1057 1422 θήσῃ
1067 1385 1162 1416 καλῶς.
1175 1383 1222 1412 'Ev
1232 1384 1336 1424 πλούτῳ
1350 1383 1434 1412 τοίνυν
1449 1384 1484 1412 ὢν
1501 1384 1633 1422 προσδόκα
1645 1383 1745 1419 πενίαν,

991 1431 1016 1458 ἐν
1036 1429 1161 1469 εὐημερίᾳ
1176 1430 1310 1469 τυγχάνων
1333 1430 1466 1469 προσδόκα
1479 1430 1570 1468 λιμόν·
1584 1431 1610 1458 ἐν
1630 1430 1690 1468 δόξῃ
1713 1429 1748 1458 ὢν

1683 1476 1750 1504 Συν-

991 1476 1078 1508 ἔλπιζε
1093 1475 1195 1508 ἀδοξίαν
1208 1487 1213 1492 ·
1226 1477 1251 1504 ἐν
1262 1477 1334 1515 ὑγεία
1351 1476 1445 1514 διάγων
1457 1475 1530 1504 νόσον
1546 1475 1666 1514 ἀνάμενε.

991 1523 1056 1561 εχῶς
1078 1521 1234 1551 ἐπισκέπτου
1254 1523 1305 1550 τῶν
1327 1522 1494 1562 ἀνθρωπίνων
1516 1521 1677 1560 πραγμάτων
1702 1521 1750 1556 τὴν

990 1567 1076 1606 φύσιν,
1087 1570 1137 1596 τῶν
1150 1567 1285 1605 ποταμίων
1297 1568 1432 1607 ῥευμάτιον
1453 1568 1524 1596 οὐδὲν
1540 1568 1644 1606 ἄμεινον
1657 1569 1752 1597 διακει-

992 1614 1087 1651 μένην,
1108 1615 1153 1642 καὶ
1178 1618 1277 1642 καπνοῦ
1293 1616 1327 1647 εἰς
1344 1614 1408 1652 ἀέρα
1425 1613 1602 1652 διαλυομένουῖ
1614 1614 1751 1654 ὁξυῤῥεπε-

992 1659 1087 1699 στέραν
1101 1660 1146 1688 καὶ
1160 1665 1233 1692 σκιᾶς
1247 1659 1463 1700 παρατρεχούσης
1475 1658 1748 1700 οὐδαμινωτέραν.Ἂν

992 1708 1074 1734 ταῦτα
1088 1707 1241 1745 φιλοσοφῇς,
1266 1706 1324 1735 οὔτε
1346 1705 1378 1734 τὰ
1399 1706 1503 1745 χρηστοί
1521 1717 1549 1734 σε
1567 1707 1682 1744 φυσῆσαι
1704 1706 1750 1734 δυ-

992 1751 1115 1787 νήσεται,
1137 1752 1195 1780 οὔτε
1218 1753 1251 1780 τὰ
1271 1752 1376 1790 λυπηρὰ
1397 1753 1572 1780 ταπεινῶσαι·
1598 1751 1627 1780 ἂν
1655 1752 1752 1791 παρόν-

992 1810 1044 1825 των
1058 1800 1109 1826 τῶν
1132 1801 1254 1838 χρηστῶν
1270 1798 1306 1835 μὴ
1331 1798 1429 1837 σφόδρα
1452 1797 1548 1826 τούτων
1565 1798 1678 1837 ἀντέχῃ,
1695 1798 1752 1828 οὐδὲ

994 1844 1157 1872 ἀπελθόντων
1173 1844 1328 1882 ὀδυνηθήσῃ.
1344 1842 1388 1872 Ἂν
1404 1843 1491 1882 ἐθίσῃς
1509 1843 1556 1878 τὴν
1581 1843 1695 1872 διάνοιάν
1706 1856 1751 1873 σου

994 1891 1020 1918 ἐν
1033 1892 1065 1928 τῇ
1090 1890 1233 1930 προσδοκίᾳ
1247 1892 1298 1919 τῶν
1322 1889 1455 1924 ἐναντίων,
1470 1889 1596 1922 πολλάκις
1618 1889 1664 1927 μὲν
1692 1890 1749 1920 οὐδὲ

993 1935 1152 1975 παρέσονται
1167 1936 1199 1964 τὰ
1215 1936 1334 1971 ἐναντία,
1350 1938 1371 1964 εἰ
1388 1935 1415 1965 δὲ
1435 1935 1479 1964 καὶ
1503 1935 1699 1975 παραγένοιντο,
1723 1937 1752 1965 οὐ

994 1982 1093 2020 σφόδρα
1108 1994 1153 2010 σου
1167 1983 1336 2021 καθάψονται.

1036 2172 1089 2201 Καὶ
1108 2172 1150 2201 ἵνα
1166 2172 1266 2210 μάθητε
1283 2172 1322 2201 ὅτι
1333 2175 1360 2202 οὖ
1377 2173 1565 2212 στοχαζόμενος
1575 2176 1658 2202 ταῦτα
1671 2173 1753 2212 λέγω,

997 2218 1110 2247 παλαιάν
1127 2230 1184 2247 τινα
1203 2218 1319 2258 ἱστορίαν
1335 2219 1509 2257 διηγήσασθαι
1532 2221 1592 2257 ὑμῖν
1614 2219 1751 2258 βούλομαι.

999 2265 1120 2303 Ἐγένετο
1135 2276 1173 2296 τις
1188 2264 1253 2302 ἀνὴρ
1267 2264 1413 2302 Θαυμαστὸς
1426 2265 1469 2293 καὶ
1487 2265 1580 2302 μέγας,
1595 2265 1639 2294 καὶ
1653 2278 1754 2296 παντα-

998 2315 1045 2351 χοῦ
1071 2313 1118 2345 τῆς
1144 2310 1297 2348 οἰκουμένης
1316 2311 1446 2348 ἀοίδιμος,
1468 2312 1481 2338 ὁ
1497 2311 1625 2350 μακάριος
1644 2312 1716 2349 Ὶὼὸ,
1740 2316 1754 2343 ὃ

998 2360 1044 2392 τῆς
1058 2356 1188 2389 εὖσεέείας
1199 2355 1325 2391 ἀθλητὴς,
1339 2358 1352 2384 ὁ
1364 2356 1516 2396 στεφανίτης
1526 2359 1572 2392 τῆς
1587 2359 1752 2396 οἰκουμένης,

997 2406 1010 2432 ὁ
1031 2402 1073 2431 διὰ
1096 2402 1200 2430 πάντων
1226 2403 1276 2429 τῶν
1292 2401 1376 2430 ἄθλων
1392 2401 1487 2438 ἐλθὼν,
1503 2405 1516 2431 ὁ
1532 2402 1612 2440 μυρία
1626 2404 1693 2433 κατὰ
1707 2409 1752 2435 τοῦ

997 2448 1118 2477 διαὲόλου
1139 2447 1252 2487 τρόπαια
1277 2448 1384 2482 στήσας,
1405 2443 1488 2481 Οῧτος
1510 2448 1610 2486 ἐγένετο
1631 2452 1754 2485 πλούσιος

997 2495 1041 2524 καὶ
1055 2494 1153 2530 πένης,
1179 2493 1277 2527 ἔνδοξος
1300 2494 1344 2524 καὶ
1366 2494 1599 2534 εὐκαταφρόνητος,
1625 2497 1754 2532 πολύπαις

989 2579 1029 2604 θὼς
1039 2580 1143 2609 μίγνυται
1155 2581 1239 2610 ἀνόμῳ.
