1830 2829
332 173 360 194 tx
391 172 500 204 ludu,
532 172 657 195 rums·
687 172 849 196 vocwus.

111 233 287 273 εὐπορώτερος
314 234 340 262 ἐν
364 237 416 266 τοῖς
433 235 557 273 οὐρανοῖς.
584 234 694 274 Μ(ι)ριάν
720 235 803 264 τοίνυν
830 238 875 264 τοῦ

110 279 208 317 κόσμου
233 280 307 308 καλεῖ
325 278 383 312 τοὺς
404 281 449 307 οὐκ
471 279 578 318 ἔχοντας
599 281 720 319 γλῶτταν
741 281 875 319 ἠκονημέ-

109 337 165 360 νην,
180 324 237 356 τοὺς
249 326 295 359 τῆς
311 325 403 358 ἔξωθεν
420 326 448 353 οὐ
473 326 670 364 μετεσχηκότας
695 326 799 366 σοφίας,
816 327 875 359 τοὺς

108 369 264 408 εὐγλωττίας
279 370 513 409 ἀπεστερημένους.
531 372 583 400 Καὶ
604 372 709 404 τούτους
724 372 874 409 ἐξελέξατο,

108 415 195 454 φησὶν,
208 418 221 444 ὁ
233 415 312 450 Θεὸς,
323 415 365 443 ἵνα
376 416 540 455 καταισχύνῃ
556 417 613 450 τοὺς
626 417 728 456 σοφούς.
745 419 796 447 Καὶ
804 421 875 454 πῶς,

108 461 165 489 εἰπέ
185 473 244 498 μοι,
263 462 305 490 διὰ
324 462 421 491 τούτων
444 463 536 491 ἐκεῖνοι
561 463 797 502 καταισχύνονται;
823 465 875 494 Διὰ

105 509 151 542 τῆς
172 509 223 536 τῶν
239 508 402 547 πραγυ.οίτ(ι)ν
420 519 520 548 πειρας.
538 508 625 538 ”Οταν
641 510 691 549 γὰρ
716 510 764 545 τὴν
788 523 873 551 γηραν

106 553 192 588 τ·>ν
168 565 191 581 ε·
182 566 215 587 ω
239 554 390 591 καθημένην
413 555 458 583 καὶ
479 558 681 595 προσαιτοῦσαν,
703 557 860 589 mmm<
847 557 873 585 οὲ

106 598 188 627 καὶτὸ
203 611 280 636 σωμα
296 600 430 639 ἀνάτηρον
452 611 530 628 ουσαν
546 601 668 639 ἐξετάσῃς
692 601 752 640 περὶ
775 603 871 630 ἀθανα-

104 644 162 677 σίας
177 646 277 684 ψυγης,
292 657 352 685 περι
377 646 507 683 σωυιάτων
530 647 713 681 ἀναστάσεως,
729 647 789 686 περὶ
811 659 874 687 προ·
891 657 909 679 C

105 690 174 723 νοίας
195 693 279 725 Θεοῦ,
299 692 421 731 περὶτῆς
437 694 494 720 κατ’
521 692 593 725 ἀξίαν
617 693 788 727 ἀντιδόσεως,
813 694 873 733 περὶ

103 739 155 765 τῶν
176 737 286 766 εὐθυνῶν
308 739 359 765 τῶν
376 739 446 772 ἐκεῖ,
460 738 520 777 περὶ
541 740 586 766 τοῦ
612 738 722 777 φοῧεροῧ
747 739 872 774 δικαστη-

104 782 173 820 ρίου,
189 783 249 822 περι
274 785 324 811 τῶν
350 784 529 821 ἀποκειμένων
546 788 599 816 τοῖς
615 787 782 824 κατορθουσιν
807 787 872 821 ἀγα-

104 829 164 861 ῡων,
180 828 240 865 περὶ
261 830 312 856 τῶν
338 828 523 867 ἠπειλημένυν
547 834 601 862 τοῖς
623 830 803 869 ἁμαρτάνουσι
827 843 870 859 τι-

103 885 220 913 μωριων,
245 885 305 912 περι
339 877 390 903 τῶν
424 875 510 904 ἄλλων
544 875 682 904 ἁπάντων·
711 879 768 904 εἶτα
803 877 871 914 μετὰ

103 919 237 959 ἀκριῗειας
260 920 431 960 ἀποκρίνεται
454 921 498 950 καὶ
521 922 700 961 πληροφορίας
722 924 806 951 πολ)
784 935 836 957 ’,ς
857 925 870 951 ὁ

103 964 129 993 δὲ
157 965 294 1004 φιλόσοφος
318 966 364 994 καὶ
393 966 461 1005 μέγα
489 966 533 995 ε’πι
561 967 630 1006 κόμῃ
661 967 706 996 καὶ
739 969 822 1006 βακττ
811 968 870 1008 ηρίᾳ

102 1022 214 1049 φρονων,
231 1023 279 1049 μετ
271 1011 298 1040 ὰ
312 1011 369 1045 τους
389 1012 500 1045 πολλους
522 1025 566 1041 και
584 1012 699 1053 μακροὺς
719 1026 770 1042 των
785 1014 868 1053 λογων

103 1056 236 1092 διαύλους,
253 1056 320 1094 μετὰ
331 1057 377 1090 τὰς
392 1057 491 1090 πολλὰς
504 1058 548 1086 καὶ
563 1058 686 1097 ἀκαίρους
701 1059 869 1098 ἀδολεσχίας,

104 1102 170 1139 μηδὲ
184 1107 263 1141 χᾶναι
278 1102 398 1137 δύναται,
415 1103 480 1140 μηδὲ
496 1104 584 1142 διᾶραι
598 1103 684 1140 στόμα
698 1104 759 1142 περὶ
772 1105 868 1133 τούτων

102 1147 157 1185 ἔχει
169 1159 174 1164 ·
186 1147 244 1176 τότε
267 1147 354 1186 γνώσῃ
371 1149 473 1183 καλῶς,
491 1150 546 1181 πῶς
567 1148 718 1181 Ἐξελέξατο
737 1149 771 1177 τὰ
793 1150 870 1189 μωρὰ

102 1195 147 1221 τοῦ
172 1192 271 1231 κόσμου
296 1195 309 1221 ὁ
332 1193 414 1226 Θεὸς,
428 1193 470 1222 ἵνα
497 1194 660 1233 καταισχύνῃ
687 1194 745 1227 τοὺς
764 1196 868 1234 σοφούς.
886 1203 905 1225 D

101 1237 183 1277 Ἅπερ
193 1238 243 1277 γὰρ
258 1240 350 1268 ἐκεῖνοι
370 1240 403 1267 δι’
421 1239 544 1268 ἀπόνοιαν
567 1240 610 1268 καὶ
629 1241 808 1279 ὑπερηφανίαν
824 1242 870 1269 οὐκ

101 1284 265 1318 ἠδυνήθησαν
286 1287 380 1324 εὑρεῖν,
396 1287 443 1320 τῆς
459 1285 506 1323 μὲν
525 1288 570 1313 τοῦ
596 1285 749 1323 Πνεύματος
765 1286 870 1319 ἑαυτοὺς

101 1329 297 1363 ἀποστήσαντες
309 1331 479 1363 διδασκαλίας
488 1353 495 1364 ,
509 1335 561 1363 τοῖς
576 1331 603 1360 δὲ
617 1331 721 1364 οἰκείοις
734 1333 869 1370 λογισμοῖς

100 1374 130 1403 τὸ
142 1379 193 1402 πᾶν
206 1374 389 1414 ἐπιῤῥίψαντες
399 1398 406 1411 ,
425 1379 509 1404 ταῦτα
519 1378 542 1405 οἱ
557 1377 659 1416 πτωχοὶ
675 1377 719 1405 καὶ
736 1379 869 1416 ἀπερριμ-

102 1419 192 1457 μένοι,
215 1420 260 1449 καὶ
284 1422 331 1455 τῆς
349 1420 439 1454 ἔξωθεν
468 1422 674 1461 ἀπεστερημένοι
696 1423 868 1459 παιδεύσεως,

102 1466 168 1502 μετὰ
183 1467 318 1505 ἀκριὸείας
332 1467 428 1505 ἔμαθον
443 1468 547 1497 ἅπαντα
558 1491 565 1504 ,
577 1471 623 1503 τῆς
640 1470 669 1497 ἐκ
683 1470 735 1497 τῶν
753 1471 868 1509 οὐρανῶν

100 1511 292 1551 ἐξαρτήσαντες
308 1513 413 1546 ἑαυτοὺς
435 1514 614 1547 διδασκαλίας.
631 1516 690 1544 Οὖκ
711 1517 821 1544 ἐνταῦθα
841 1515 868 1544 δὲ

101 1557 177 1595 μόνον
200 1558 305 1587 ἵσταται
319 1561 472 1597 κατηγορῶν
492 1562 538 1595 τ-’ἧς
559 1559 651 1593 ἔξωθεν
673 1561 783 1600 σοφίας,
799 1561 867 1590 ἀλλὰ

773 1606 781 1615 <

783 1608 807 1635 H
821 1619 867 1635 σο-

97 1647 144 1687 φία
158 1651 202 1676 τοῦ
227 1648 324 1687 κόσμου
346 1649 436 1678 τούτου
463 1650 550 1689 μωρία
571 1651 644 1691 παρὰ
664 1654 702 1691 τῷ
721 1654 796 1692 Θεῷ·
821 1652 866 1681 καὶ

99 1603 142 1631 καὶ
157 1603 234 1643 ἕτερα
249 1603 345 1632 τούτων
361 1604 469 1634 πλείονα
483 1605 641 1645 προστίθησι
660 1606 759 1644 λέγων·

98 1696 231 1733 παραινῶν
253 1699 307 1727 τοῖς
328 1695 452 1724 ἀκούουσι
472 1696 551 1724 πάλιν
579 1697 646 1734 μετὰ
669 1697 757 1732 πάσης
779 1699 866 1731 αὐτοῖς
884 1708 902 1731 E

97 1740 203 1777 ἀτιμίας
217 1752 261 1769 και
276 1741 450 1780 σφοδρότητος
464 1741 567 1781 ἔλεγεν·

96 1785 183 1824 φησιν,
198 1787 223 1814 ἐν
239 1787 300 1824 ὑμῖν
311 1786 388 1826 σοφὸς
400 1790 466 1816 εἰναι
481 1789 507 1816 ἐν
522 1790 559 1816 τῶ
573 1790 648 1817 αἰῶνι
661 1801 762 1828 τουτω,
778 1790 864 1830 μωρὸς

96 1830 224 1869 γενέσθω,
239 1831 282 1860 ἵνα
296 1831 401 1870 γένηται
414 1834 506 1872 σοφός·
522 1833 567 1862 καὶ
581 1834 678 1863 πάλιν
692 1835 862 1874 Γέγραπται,

95 1875 196 1905 Ἀπολῶ
210 1876 257 1912 τὴν
270 1877 361 1917 σοφίαν
373 1881 424 1907 τῶν
448 1882 543 1918 σοφῶν,
567 1879 612 1908 καὶ
629 1880 677 1915 τὴν
694 1880 795 1909 σύνεσιν
811 1884 863 1910 τῶν

590 1744 623 1772 Ei
637 1743 688 1782 γάρ
711 1755 751 1776 τις
777 1745 863 1780 δοκεῖ,

95 1924 205 1951 συνετῶν
230 1923 362 1959 ἀθετήσω·
375 1924 420 1953 καὶ
443 1925 532 1960 πάλιν,
555 1926 650 1965 Κύριος
665 1926 788 1965 γινώσκει
804 1927 862 1960 τοὺς

94 1967 278 2006 διαλογισμοὺς
289 1971 340 1997 τῶν
355 1969 508 2008 ἀνθρώπων,
519 1970 560 2000 ὅτι
574 1971 624 2000 εἶσὶ
639 1972 758 2009 μάταιοι.

134 2332 201 2362 Ἀλλ’
220 2332 260 2361 ὅτι
280 2332 325 2371 μὲν
341 2334 431 2373 σοφίας
444 2340 563 2375 μετεῖχον
578 2337 602 2364 οἱ
618 2337 767 2376 Κορίνθιοι,
780 2339 857 2372 δῆλον

93 2379 122 2406 ἐκ
131 2389 244 2407 τουτων
253 2378 321 2407 ὅτι
307 2379 334 2407 οὲ
350 2391 417 2418 μεγα
432 2381 551 2419 ἐφρόνουν
562 2394 607 2410 και
621 2384 766 2421 ἐφυσῶντο,
779 2384 857 2414 πάλιν

880 175 915 197 ΙίἸ
948 176 990 197 Dii
1019 177 1145 199 MU‘l't's.

1584 169 1647 204 1013

1177 178 1332 200 Nonum-i
1342 193 1347 200 .
1380 179 1403 200 Η
1420 195 1426 200 .

932 243 1097 282 insipientes,
1110 244 1182 283 apud
1199 246 1284 273 Deum
1307 253 1367 273 sunt
1384 246 1510 274 omnihus
1534 248 1594 275 aliis
1609 259 1650 276 sa-

930 290 1088 329 pientiores:
1105 291 1332 328 quemadmodum
1348 292 1476 320 nimirum
1497 294 1574 321 multi
1603 295 1648 332 qui

930 343 1043 373 egestate
1065 337 1108 364 hic
1123 344 1292 376 premuntur,
1318 338 1444 366 omnibus
1465 338 1539 377 apud
1562 340 1648 367 Deum

929 388 990 409 sunt
1005 382 1192 421 opulentiores.
1206 382 1434 421 Quandoquidem
1446 384 1560 412 Lazarus
1570 385 1648 413 etiarn
1663 392 1800 414 [ameno.

929 426 974 455 illc
995 438 1055 455 cum
1067 428 1187 456 omnium
1199 429 1387 467 pauperrimus
1398 437 1465 458 esset
1480 431 1505 458 in
1526 430 1625 459 mundo
1642 454 1649 465 ,
1662 431 1707 451 ⁵‘¹'¹‘

929 472 1078 501 ditissimus
1095 474 1215 502 omnium
1240 481 1294 502 erat
1311 475 1336 502 in
1354 475 1651 515 c:1¹lis.Stultitiamigi-

930 523 972 545 tur
991 517 1085 546 mundi
1100 519 1217 557 appellat
1231 529 1284 552 eos,
1302 519 1401 557 quibus
1416 520 1507 557 lingua
1537 531 1588 548 non
1611 528 1649 549 est

927 565 1088 604 diserta,qui
1104 567 1212 605 profana
1228 567 1357 606 sapienti-‘1
1380 578 1431 595 non
1453 575 1515 596 sunt
1538 568 1646 603 imbuti,

928 611 972 649 qui
986 612 1135 649 eloquentia
1152 612 1262 640 minime
1276 614 1385 652 pollent.
1411 614 1445 643 Et
1466 614 1514 643 hos
1539 615 1648 653 Elegit,

928 656 1027 694 inquit,
1045 658 1136 694 Deus,
1161 665 1193 686 ut
1216 661 1360 697 sapientes
1393 661 1566 698 confundat.
1589 662 1650 696 Quo
1699 669 1799 690 Humana

927 712 989 730 vero
1002 709 1096 741 paeto,
1114 713 1220 741 quaeso,
1243 715 1290 743 per
1312 704 1360 733 hos
1381 705 1420 733 illi
1431 706 1649 735 consundunuui‘
1682 706 1800 752 cfffi'fiffi]

927 747 997 775 Per
990 759 1075 787 ipsam
1098 760 1186 777 retum
1205 750 1404 788 experientiam.
1419 752 1487 780 Cum
1498 752 1568 780 enim
1580 753 1646 782 foris
1659 768 1702 784 tur.

927 793 1060 823 sedentem
1074 804 1105 822 ae
1122 794 1316 823 mendicantem
1333 796 1454 833 viduam,
1474 808 1505 825 ac
1524 809 1646 837 smpenu-

927 850 998 868 mero
1014 841 1133 879 corporis
1145 841 1271 869 membris
1286 841 1447 870 multilalam
1462 843 1495 871 de
1508 843 1646 873 immorta-

926 885 999 914 litate
1027 886 1121 914 anirnae
1143 886 1369 925 interrogaveris,
1396 889 1430 916 de
1453 890 1644 918 resurrectione

925 941 1085 970 corporum,
1100 931 1134 959 de
1155 932 1321 970 providentia
1338 933 1406 970 Dei,
1421 933 1454 961 de
1468 935 1644 963 retributione

924 977 1097 1016 promeritis,
1119 977 1152 1005 de
1174 978 1275 1006 ratione
1297 978 1353 1007 illic
1378 979 1525 1016 reddenda,
1540 980 1573 1008 de
1591 987 1641 1009 tre-

924 1023 1021 1051 mendo
1030 1023 1143 1062 judicio,
1162 1023 1196 1051 de
1210 1024 1332 1063 repositis
1344 1025 1392 1061 eis,
1405 1025 1451 1063 qui
1463 1033 1532 1053 recte
1547 1037 1574 1054 se
1585 1036 1645 1064 ges-

923 1076 1016 1106 serint,
1040 1069 1128 1105 bonis,
1153 1068 1187 1097 de
1208 1070 1349 1108 suppliciis
1371 1081 1430 1108 qum
1458 1071 1643 1110 peecatoribus

924 1115 997 1142 Deus
1019 1114 1196 1142 comminatus
1209 1121 1257 1151 est,
1270 1114 1304 1143 de
1325 1116 1386 1144 aliis
1396 1117 1522 1145 omnibus
1536 1129 1542 1144 :
1567 1128 1644 1146 cum-

924 1169 975 1196 que
988 1159 1034 1186 illa
1049 1158 1128 1187 valde
1138 1167 1260 1188 accurate
1275 1171 1371 1199 magna
1386 1172 1448 1190 cum
1457 1162 1557 1190 fiducia
1569 1170 1594 1191 et
1603 1174 1645 1191 sc-

924 1203 1036 1231 curitatc
1052 1203 1218 1242 responderit
1232 1215 1238 1239 ;
1253 1204 1429 1244 philosophus
1444 1213 1532 1234 autem
1547 1214 1572 1234 et
1594 1207 1643 1245 qui

924 1248 1070 1287 plurimum
1084 1259 1158 1276 coma
1173 1256 1198 1277 et
1214 1249 1309 1278 baculo
1322 1250 1453 1289 gloriatur
1463 1274 1471 1288 ,
1487 1259 1546 1290 post
1559 1253 1643 1282 multa

924 1294 1055 1332 longaque
1083 1295 1168 1333 spatia
1193 1306 1358 1331 sermonum,
1384 1304 1443 1335 post
1461 1297 1660 1336 importunam.

923 1340 1089 1377 multamque
1112 1340 1297 1378 garrulitatem
1311 1352 1344 1369 ne
1356 1341 1458 1370 hiscere
1475 1342 1584 1380 quidem
1596 1354 1645 1382 po-

923 1385 1012 1419 tuerit,
1027 1396 1111 1423 neque
1122 1385 1156 1424 de
1170 1385 1227 1413 istis
1246 1385 1330 1414 verba
1352 1387 1470 1415 facturus
1489 1387 1604 1416 valuerit
1614 1399 1643 1417 os

922 1430 1048 1460 diducere
1064 1443 1070 1459 :
1088 1438 1144 1459 tum
1158 1431 1241 1470 probe
1250 1432 1391 1471 intelliges,
1404 1444 1457 1470 quo
1471 1441 1548 1472 pacto
1559 1436 1641 1463 Deus

922 1478 1038 1516 elegerit
1052 1478 1144 1505 stulta
1172 1479 1284 1514 mundi,
1301 1485 1331 1506 ut
1347 1481 1492 1518 sapientes
1515 1481 1641 1519 confun-

922 1523 1012 1551 deret.
1030 1523 1098 1551 Nam
1129 1534 1187 1561 quae
1202 1534 1257 1562 prae
1272 1524 1354 1552 nimia
1375 1525 1500 1564 superbia
1516 1526 1640 1564 fastuque

921 1568 1038 1607 reperire
1053 1568 1093 1596 illi
1109 1569 1220 1597 minime
1235 1576 1388 1608 potuerunt,
1411 1577 1468 1599 tum
1499 1571 1572 1609 quod
1601 1583 1640 1601 se-

922 1611 994 1650 ipsos
1007 1622 1021 1640 a
1045 1611 1189 1651 disciplina
1220 1613 1338 1652 Spiritus
1368 1615 1556 1653 sejunxissent,
1583 1623 1640 1644 tum

920 1657 993 1695 quod
1004 1658 1092 1686 omnia
1114 1658 1229 1697 propriis
1256 1659 1463 1697 cogitationibus
1488 1662 1640 1691 commisis-

920 1710 987 1738 sent,
1008 1703 1065 1732 haec
1079 1703 1194 1732 mendici
1210 1711 1236 1732 et
1248 1704 1343 1743 abjecti
1363 1716 1394 1733 ac
1412 1707 1528 1745 profanae
1547 1707 1639 1736 erudi-

919 1749 1000 1778 tionis
1011 1756 1132 1788 expertes
1148 1750 1238 1778 omnia
1261 1758 1354 1779 exacte
1374 1750 1538 1789 didicerunt,
1550 1763 1611 1781 cum
1623 1764 1638 1781 a

919 1795 1016 1824 eaelesti
1043 1795 1186 1835 disciplina
1211 1796 1365 1835 penderent.
1389 1798 1480 1836 Neque
1497 1809 1560 1827 vero
1576 1809 1638 1827 con-

918 1848 1004 1870 tentus
1019 1849 1057 1870 est
1071 1842 1168 1870 horum
1182 1849 1258 1871 tenus
1267 1843 1405 1881 profanam
1420 1844 1577 1883 sapientiam
1591 1844 1636 1872 in-

917 1898 1018 1923 cusare,
1029 1887 1076 1916 sed
1089 1895 1115 1916 et
1128 1888 1181 1916 alia
1194 1888 1273 1926 plura
1290 1888 1443 1927 subjungit,
1456 1889 1547 1917 dicens
1561 1901 1567 1916 ε
1583 1890 1636 1918 Sa·
1650 1908 1668 1922 ι,
1686 1901 1738 1924 Cor.
1747 1903 1770 1925 3,

914 1935 1026 1971 pientia
1037 1935 1124 1972 hujus
1135 1934 1238 1962 mundi
1245 1934 1373 1961 stultitia
1387 1940 1428 1961 est
1435 1935 1516 1972 apud
1525 1936 1634 1968 Deum;
1650 1937 1683 1961 ¹9·

915 1984 941 2005 et
948 1978 1084 2006 auditores
1104 1989 1197 2006 rursus
1209 1977 1354 2006 adhortans
1367 1989 1428 2006 cum
1443 1986 1577 2009 contemtu
1604 1991 1635 2009 ac

914 2024 1080 2052 vehementia
1094 2024 1201 2052 dicebat
1216 2035 1222 2050 :
1235 2024 1264 2052 Si
1277 2027 1341 2063 quis
1352 2027 1430 2053 enim
1443 2027 1572 2061 videtur,
1591 2027 1633 2055 in·
1644 2038 1703 2059 Ibat.
1714 2047 1734 2059 v.
1748 2039 1785 2063 ιε.

914 2069 984 2106 quit,
998 2071 1075 2097 inter
1097 2079 1152 2098 vos
1171 2071 1286 2108 sapiens
1303 2080 1363 2099 esse
1381 2073 1413 2099 in
1429 2072 1484 2100 hoc
1505 2073 1610 2101 saeculo
1621 2088 1631 2105 ‚-

913 2115 1098 2154 stultusfiat,
1113 2121 1145 2143 ut
1171 2117 1208 2143 sit
1223 2117 1339 2154 sapiens
1349 2128 1360 2149 ;
1375 2123 1400 2145 et
1425 2128 1534 2152 rursus,
1557 2119 1629 2147 Scri-
1644 2133 1663 2149 r.
1679 2128 1732 2151 Cor.
1746 2136 1767 2152 ι.

910 2166 992 2197 ptum
1012 2166 1063 2196 est,
1073 2161 1200 2188 Perdam
1216 2163 1392 2199 sapientiam
1411 2165 1587 2202 sapientum,
1603 2171 1630 2193 et
1645 2165 1680 2188 ¹9-

910 2206 1095 2243 prudentiam
1104 2207 1280 2245 prudentum
1293 2209 1452 2246 reprobabo
1463 2221 1473 2241 ;
1483 2216 1508 2237 et
1522 2220 1626 2245 rursus,

914 2252 1056 2280 Dominus
1079 2255 1158 2281 novit
1171 2254 1360 2292 cogitationes
1384 2255 1545 2290 hominum,
1558 2267 1632 2295 quo·
1643 2267 1662 2281 ι.
1676 2262 1728 2282 Cor.
1742 2261 1765 2283 3.

914 2299 993 2326 niam
1005 2308 1093 2326 vanoe
1101 2305 1179 2328 sunt.
1640 2298 1679 2315 ²⁰·

951 2344 980 2372 6.
1002 2344 1040 2372 Ac
1053 2343 1182 2383 sapientia
1196 2344 1305 2383 quidem
1327 2346 1454 2384 praeditos
1471 2347 1553 2376 fuisse
1573 2349 1628 2376 Co-

912 2389 1026 2418 rinthios
1041 2401 1075 2418 ex
1089 2390 1132 2418 his
1146 2390 1246 2429 liquet;
1261 2402 1304 2420 eos
1314 2399 1403 2420 autem
1412 2393 1540 2432 superbos
1548 2394 1631 2422 fuisse

94 2423 120 2456 ἐξ
133 2425 211 2458 αὐτῆς
230 2436 276 2458 της
291 2426 457 2460 ε’πιστολῆς’
446 2439 502 2455 εστι
526 2429 644 2467 φανερόν-
667 2430 859 2469 Κατνγορήσας
868 2458 903 2477 ,3,
913 2442 992 2474 atque
1011 2436 1107 2464 animis
1122 2436 1225 2465 inflatos
1239 2447 1274 2465 ex
1290 2437 1382 2466 eadem
1394 2439 1504 2489 epistola
1519 2440 1629 2467 manife-

93 2468 144 2508 γάρ
165 2481 215 2498 που
237 2481 283 2498 του
305 2472 526 2511 πεπορνευκότος,
553 2474 641 2531 ἐπηγα
641 2487 671 2513 γε
693 2476 792 2514 λέγων·

94 2515 166 2551 ὑμεῖς
182 2515 208 2543 δὲ
221 2527 413 2554 πεφυσιωμενοι
428 2518 496 2547 ἐστέ
511 2518 604 2548 “Ort
590 2520 617 2549 οὲ
629 2522 658 2549 ἐκ
673 2523 719 2556 τ’ῆς
735 2524 857 2558 ἀπονοίας

94 2559 157 2598 πρὸς
169 2561 326 2596 ἀλλήλους’
309 2564 406 2600 ηριζον,
422 2575 465 2592 και
486 2565 548 2594 αὐτο
562 2569 636 2596 τοῦτο
652 2567 767 2602 εδηλωσε
779 2569 833 2599 πάλ
838 2582 859 2599 ιν

804 2479 858 2507 Και
877 2487 896 2509 Α
913 2488 984 2510 stum
995 2488 1044 2510 est.
1057 2482 1125 2510 Cum
1150 2482 1221 2510 enim
1235 2482 1340 2521 uspiam
1351 2494 1412 2511 eum
1424 2484 1469 2522 qui
1484 2485 1629 2513 fornicatus

913 2534 979 2564 erat,
1002 2527 1223 2567 repmhendisset,
1248 2528 1346 2567 adjecit
1379 2529 1490 2558 dicens:
1515 2531 1556 2558 Et
1572 2540 1626 2558 vos
1640 2545 1661 2561 1.
1668 2538 1776 2562 Cor,5.2.

915 2572 1012 2613 irfiati
1028 2575 1106 2603 estis.
1125 2573 1208 2602 Porro
1220 2584 1276 2612 prae
1289 2574 1372 2603 nimia
1394 2575 1543 2614 arrogantia
1559 2575 1627 2604 inter
