1840 2839
724 157 858 180 ΙίΡΙΞΤΟΙ4
868 157 887 178 1-“.
894 169 901 177 .

50 233 99 271 δρα
111 232 282 267 ἐπιζητοῦμεν
302 227 441 267 μανθάνειν
455 225 520 264 μετὰ
534 224 631 252 πολλοῦ
645 224 690 250 τοῦ
706 220 816 259 τάχους,

50 279 72 305 εἰ
88 277 148 316 ῥᾷόν
164 288 204 305 σοι
221 274 321 309 διετέθη
336 274 368 302 τὰ
383 274 430 307 τῆς
449 270 613 311 ἀρρωστίας,
628 267 696 296 ὥστε
712 268 759 301 τῆς
775 264 817 294 ἐπὶ

49 321 131 360 ταύτῃ
147 321 280 360 φροντίδος
292 321 422 353 ἀνεθῆναι.

301 465 314 478 *
338 462 394 501 μα’.
417 460 577 499 Βαλεντίνῳ.

91 558 192 597 Τρίτην
208 556 307 595 πέμπω
321 555 420 591 ταύτην
437 552 586 588 ἐπιστολὴν,
603 549 724 588 οὐδεμίαν
746 547 822 579 αὐτὸς

53 604 190 642 &Rip-ivos
210 602 283 642 παρὰ
299 605 346 637 τῆς
363 599 589 640 μεγαλοπρεπείας
608 599 654 631 τῆς
677 597 733 629 σ’ἧς.
751 593 820 621 Ἀλλ’

53 650 93 679 ὅτι
106 650 153 688 μὲν
168 649 234 688 μετὰ
247 650 345 684 πολλῆς
363 650 410 683 τῆς
425 645 583 685 εὐφροσύνης
607 642 685 675 ἐδέξω
700 642 776 678 ἡμῶν
789 638 823 666 τὰ

54 695 199 735 γράμματα
208 718 215 731 ,
230 694 275 723 καὶ
289 695 332 723 τὸν
345 692 528 732 ἐγχειρίσαντα
537 693 620 718 ταῦτα
629 688 676 721 τῆς
688 697 729 714 σοι
741 695 823 722 προσ-

54 742 167 776 ηκούσης
191 741 316 776 ἐποίησας
339 740 487 768 ἀπολαῦσαι
511 736 602 772 τιμῆς,
626 731 671 761 καὶ
692 730 725 759 τὰ
750 728 822 768 παρὰ

55 790 150 816 σαυτοῦ
162 787 248 815 πάντα
262 785 428 823 εἰσήνεγκας,
442 784 468 810 ἐν
484 776 520 813 οἷς
535 779 616 808 ἐδεῖτό
628 790 673 807 σου
683 779 729 811 τῆς
741 775 822 804 δυνά-

54 844 124 871 μεως
134 855 141 868 ‚
153 831 267 871 ἔγνωμεν
279 854 286 866 ,
298 830 343 859 καὶ
359 829 432 857 οὐδὲν
447 830 518 865 ἡμᾶς
529 825 628 854 τούτων
641 823 731 851 ἔλαθεν
744 833 749 839 ·
766 822 823 849 ε’πι-

54 878 149 912 στολὴν
164 877 191 906 δὲ
202 877 323 915 οὐδεμίαν
338 874 526 913 ἐκομισάμεθα.
538 871 590 900 Καὶ
602 872 624 898 εἰ
637 869 683 908 μὲν
697 868 774 900 ἄλλος
784 879 823 899 τις

54 920 86 960 ἦν
110 925 161 952 τῶν
186 924 214 952 οὐ
233 923 333 961 σφόδρα
357 919 483 959 γενναίων
498 920 511 947 ὁ
532 916 668 951 σιωπήσας
691 916 822 947 τοσοῦτον,

55 969 212 1008 ἐνομίσαμεν
227 969 257 997 ἂν
273 969 343 1007 αὐτῷ
352 966 483 1007 πρόφασιν
495 966 530 997 εἰς
540 961 683 1000 ἀπολογίαν
695 955 822 988 εἶναιτῶν

55 1015 218 1056 πραγμάτων
232 1014 275 1042 τὸν
286 1014 375 1052 ὄχλον.
388 1010 498 1046 Ἐπειδὴ
513 1009 541 1038 δέ
551 1021 596 1038 σου
606 1007 635 1036 τὶ)
650 1006 748 1045 ὑψηλὸν
759 1008 769 1020 ³¹
777 1007 823 1039 τῆς

55 1064 102 1097 σ’ἧς
116 1060 229 1093 διανοίας
243 1059 329 1098 ἴσμεν,
343 1058 373 1087 τὸ
388 1057 483 1097 θερμὸν
508 1057 554 1090 τῆς
576 1054 695 1092 ἀγάπης,
711 1051 740 1080 τὸ
759 1051 824 1089 γνή-

57 1119 121 1142 σιον,
136 1107 166 1135 τὸ
179 1104 328 1144 εἰλικρινὲς,
350 1104 380 1133 τὸ
396 1101 515 1141 διαρκὲς,
533 1101 564 1130 τὸ
585 1099 705 1138 μόνιμον,
728 1098 774 1125 οὐκ
794 1096 824 1124 ἂν

57 1152 196 1189 δεξαίμεθα
216 1151 311 1186 ταύτην
335 1148 487 1187 ἀπολογίαν,
507 1147 559 1176 οὐδ’
578 1141 609 1173 αὖ
632 1144 662 1173 τὸ
683 1143 720 1181 μὴ
741 1144 825 1171 ἐκεῖσε

57 1197 200 1237 διατρίίειν
217 1209 262 1226 σου
277 1195 324 1230 τὴν
340 1193 539 1232 θαυμασιότητα
549 1204 555 1209 ·
571 1189 677 1229 καὶγὰρ
692 1188 736 1218 καὶ
751 1191 826 1216 τοῦτο

57 1245 181 1283 ἔγνωμεν.
202 1243 269 1271 Ἀλλ’
294 1241 331 1269 ἑνὶ
351 1241 422 1279 μόνῳ
444 1237 638 1278 καρπωσόμεθα
658 1237 705 1269 τῆς
725 1238 827 1273 μακρᾶς

58 1291 133 1328 σιγῆς
148 1287 326 1328 παραμυθίαν,
344 1288 366 1315 εἷ
381 1284 534 1324 βουληθείης
549 1285 584 1315 εἷς
602 1282 632 1311 τὸ
646 1280 719 1310 ἐπιὸν
734 1279 763 1308 τὸ
776 1291 827 1308 πα-

59 1335 149 1375 ροφθὲν
167 1333 178 1349 ¹³
187 1335 213 1362 ἐν
227 1335 265 1373 τῷ
285 1332 441 1373 παρελθόντι
455 1330 542 1370 χρόνῳ
556 1326 769 1361 ἀνακτήσασθαι,
783 1324 827 1354 καὶ

57 1382 161 1421 πέμψαι
186 1380 295 1420 νιφάδας
324 1377 489 1418 γραμμάτων
515 1378 579 1413 ἡμῖν
589 1397 596 1410 ,
621 1373 673 1402 ἀπὸ
694 1375 741 1407 τ’ἦς
766 1371 826 1409 μέλι

58 1427 167 1467 ῥεούσης
178 1426 297 1465 γλώττης
314 1424 347 1453 τὰ
363 1423 424 1462 περὶ
438 1424 485 1457 τ’ἠς
504 1420 602 1460 ὑγιείας
615 1421 660 1449 σοῦ’
680 1431 708 1447 τε
722 1418 767 1446 καὶ
780 1419 828 1451 τ’ἦς

59 1471 200 1513 ἀσφαλείας
220 1470 375 1506 δηλούντων.
395 1470 429 1498 Εἰ
443 1467 494 1508 γὰρ
515 1467 559 1496 καὶ
579 1467 605 1494 ἐν
625 1464 722 1504 ἐρημίᾳ
744 1463 828 1498 καθή-

59 1521 141 1557 μεθα,
156 1517 201 1547 καὶ
211 1515 350 1556 πολιορκίᾳ
364 1515 469 1554 χαλεπῇ
482 1535 489 1549 ,
504 1512 549 1541 καὶ
565 1511 665 1551 μυρίοις
681 1520 827 1550 περιεστοι-

58 1564 173 1603 χίσμεθα
184 1564 275 1595 δεινοῖς
284 1585 291 1599 ,
304 1562 362 1591 ἀλλ’
373 1561 444 1599 ὅμως
457 1560 486 1588 οὐ
497 1558 635 1596 παυόμεθα
650 1557 828 1595 μεριμνῶντες

59 1611 106 1646 τὴν
122 1610 169 1645 σὴν
185 1608 397 1647 θαυμασιότητα·
415 1605 460 1635 καὶ
477 1606 535 1634 καθ’
553 1603 665 1638 ἑκάστην
680 1600 826 1630 επυνθανό-

60 1659 126 1696 μεθα
141 1657 167 1684 ἐν
179 1655 248 1684 τίσιν
261 1657 330 1693 ὁρμᾷ
347 1653 380 1682 τὰ
396 1652 438 1682 σά.
452 1651 501 1680 Ἵν’
520 1646 562 1679 οὖν
587 1649 623 1688 μὴ
641 1650 703 1688 παρ’
721 1648 826 1687 ἑτέρων,

59 1702 128 1732 ἀλλὰ
142 1701 187 1730 καὶ
200 1700 274 1739 παρὰ
294 1702 341 1734 τῆς
360 1697 481 1737 γλυκείας
497 1696 541 1725 καὶ
561 1695 745 1730 ποθεινοτάτης
762 1697 826 1731 ἡμῖν

59 1747 197 1780 διαθέσεως
214 1750 297 1775 ταῦτα
319 1745 500 1784 μανθάνωμεν,
522 1742 605 1782 γράφε
626 1742 741 1780 συνεχῶς
762 1743 826 1778 ἡμῖν

59 1794 92 1822 τὰ
106 1794 166 1832 περὶ
180 1796 226 1828 τῆς
241 1793 344 1832 ῥώσεως
357 1793 404 1826 τῆς
421 1794 468 1826 σῆς
478 1802 484 1808 ·
506 1789 551 1818 καὶ
565 1789 594 1818 τὸ
608 1793 659 1817 πᾶν
675 1787 827 1826 ἀπειλήφα-

62 1851 119 1878 μεν,
131 1839 162 1874 ἢν
175 1838 308 1877 δεξώμεθα
326 1836 465 1868 ἐπιστολὰς
480 1839 562 1864 ταῦτα
577 1833 702 1873 φερούσας
717 1836 780 1871 ἡμῖν
794 1832 828 1861 τὰ

60 1884 208 1923 εὐαγγέλια.

322 2158 376 2197 pff.
404 2158 578 2196 Κανδιδιανῷ.

104 2252 176 2283 Πολὺ
191 2255 238 2288 τῆς
260 2253 318 2281 ὁδοῦ
337 2251 367 2279 τὸ
382 2250 460 2288 μέσον
480 2249 510 2278 τὸ
529 2249 639 2287 διεῖργον
661 2249 747 2284 ἡμᾶς,
772 2245 831 2274 ἀλλ’

65 2299 122 2328 οῦδὲ
133 2301 146 2328 ὁ
160 2299 252 2339 χρόνος
263 2296 363 2337 βραχὺς
372 2319 379 2332 ,
394 2295 420 2329 ἐξ
433 2292 462 2323 οἷ
475 2297 522 2329 τῆς
536 2292 745 2331 θαυμασιότητος
760 2293 829 2330 ἐχω-

1519 138 1579 182 74·

868 226 969 251 sumus,
987 225 1048 242 cum
1073 221 1096 242 te
1111 212 1221 241 adversa
1241 211 1394 240 valetudine
1408 220 1464 238 esse
1481 210 1587 247 accepi-

871 273 939 291 mus.
958 260 1020 289 Ideo
1035 270 1129 298 magua
1142 269 1202 287 eum
1215 258 1348 286 celeritate
1364 257 1431 285 scire
1449 255 1587 284 veliemen-

871 316 910 337 ter
923 309 1056 347 cupimus,
1070 316 1134 334 num
1145 305 1179 334 de
1190 304 1320 342 gravitate
1331 301 1432 340 aliquid
1446 300 1587 334 remiserit,

872 365 925 393 quo
946 365 975 382 ea
990 363 1062 391 cura,
1078 363 1159 390 quam
1177 351 1240 380 hinc
1259 349 1444 388 concepimus,
1458 348 1588 376 levemur.

1098 452 1177 479 XLI.
1200 450 1365 478 Valentino.

914 545 1036 574 Tertiam
1047 543 1115 571 hanc
1133 542 1272 581 epistolam
1288 541 1376 575 mitto,
1401 549 1462 567 cuni
1474 538 1552 577 ipsea
1568 544 1592 565 te

875 591 976 619 nullam
984 588 1142 628 acceperim.
1150 589 1252 616 Verum
1260 587 1331 625 quod
1339 596 1433 624 magna
1442 583 1590 612 cumaniiui

873 637 1012 675 voluptate
1024 635 1114 662 literas
1129 639 1231 661 nostras
1249 631 1394 670 acceperis,
1413 640 1527 667 eumque
1543 628 1590 666 qui

873 693 916 711 eas
930 680 1059 716 reddidit,
1071 690 1124 718 quo
1136 678 1247 708 decebat
1260 678 1359 706 honore
1371 676 1501 711 affeceris,
1512 681 1594 712 atque

874 728 937 756 item
957 727 986 755 id
1003 736 1080 754 omne
1094 724 1167 763 quod
1183 731 1290 752 tuarum
1311 723 1430 762 partium
1445 728 1500 750 erat
1519 721 1544 749 in
1561 720 1594 748 iis

875 773 964 809 rebus,
978 783 1036 811 quae
1051 779 1124 800 tuam
1139 781 1217 810 opem
1232 769 1414 808 requirebant,
1429 766 1594 807 praestiteris,

876 818 1067 853 intelleximus,
1080 827 1127 845 nec
1140 815 1287 854 quidquam
1300 815 1397 843 luorum
1408 813 1484 842 nobis
1495 812 1571 840 latuit
1583 824 1589 839 ι

875 865 981 893 iuterim
996 871 1083 892 tamen
1101 862 1203 891 nullam
1221 861 1361 900 epistolam
1375 859 1537 898 accepimus,
1554 860 1594 885 Ae

876 911 896 939 si
910 910 1022 949 quidem
1039 909 1108 938 alius
1119 920 1153 937 ex
1165 909 1197 937 iis
1208 908 1254 946 qui
1266 907 1354 935 miuus
1365 916 1492 945 generoso
1505 904 1595 932 animo

876 964 947 992 suut,
964 955 1122 996 hujusmodi
1135 955 1242 983 silentio
1260 964 1324 981 usus
1336 952 1438 986 fuisset,
1454 951 1489 979 ita
1503 950 1597 979 existi-

842 1007 860 1030 C
876 1003 1061 1039 mavissemus,
1075 1012 1136 1030 cum
1146 999 1325 1029 excusationis
1336 1008 1414 1027 causa
1426 997 1594 1035 negotiorum

876 1049 973 1077 molem
1002 1047 1175 1088 praetendere.
1209 1047 1277 1074 Cum
1298 1051 1387 1073 autem
1419 1042 1514 1071 mentis
1543 1049 1596 1070 tuae

877 1094 1070 1123 sublimitatem
1091 1092 1261 1130 caritatisque
1280 1091 1410 1119 servorem
1424 1113 1431 1125 ,
1453 1089 1596 1117 sincerita-

877 1148 950 1177 tem,
972 1140 1115 1180 pnritatem
1136 1146 1215 1177 atque
1236 1136 1412 1166 constantiam
1431 1134 1598 1174 exploratam

878 1187 1041 1223 habeamus,
1056 1185 1154 1214 adduci
1169 1195 1220 1213 non
1234 1193 1376 1223 possumus
1386 1205 1393 1219 ,
1408 1188 1437 1210 ut
1451 1181 1502 1209 bac
1517 1191 1598 1209 excu-

880 1234 981 1262 satione
995 1232 1111 1262 contenti
1125 1232 1218 1260 simus.
1240 1231 1280 1259 Ne
1294 1229 1357 1257 item
1369 1227 1483 1265 dixeris,
1502 1234 1526 1255 te
1541 1226 1598 1254 illic

881 1290 933 1308 non
954 1278 1111 1308 commorari
1129 1287 1213 1306 :nam
1242 1275 1310 1304 illud
1332 1274 1410 1303 nohis
1431 1279 1598 1312 compertum

881 1332 927 1353 cst.
947 1325 1052 1354 Verum
1072 1323 1123 1351 hac
1144 1332 1197 1350 una
1211 1320 1353 1349 dumtaxat
1378 1330 1407 1347 re
1427 1318 1548 1346 diuturni
1564 1317 1600 1345 si-

880 1370 955 1398 lentii
980 1369 1018 1397 tui
1039 1367 1247 1397 consolationem
1266 1365 1413 1405 capiemus,
1433 1363 1455 1392 si
1477 1363 1505 1391 id
1527 1362 1601 1401 quod

880 1416 992 1444 antehac
1006 1414 1053 1443 abs
1072 1421 1098 1442 te
1113 1413 1264 1451 neglectum
1282 1417 1338 1446 est,
1357 1419 1532 1449 compensare
1548 1420 1598 1437 vo-

879 1461 981 1498 lueris,
1005 1471 1087 1499 quam
1106 1459 1289 1499 plurimasque
1313 1456 1347 1484 ab
1369 1456 1419 1484 ista
1440 1455 1543 1493 lingua,
1567 1465 1601 1483 ex

844 1511 863 1533 D
879 1519 930 1547 qua
944 1507 997 1536 mel
1008 1512 1108 1543 manat,
1125 1505 1198 1533 fusas
1212 1503 1304 1532 literas
1318 1502 1433 1537 mittere,
1451 1511 1509 1539 qua:
1524 1500 1602 1529 nobis

879 1552 1043 1583 valetudinis
1057 1559 1109 1580 tuae
1125 1557 1224 1579 statum
1240 1555 1310 1578 certo
1325 1553 1471 1587 exponant.
1497 1546 1601 1581 Quam-

880 1611 962 1639 quam
987 1599 1059 1628 enim
1082 1598 1110 1626 in
1134 1595 1278 1625 solitudine
1296 1593 1437 1629 sedemus,
1469 1592 1600 1631 gravique

879 1645 1019 1675 obsidione
1030 1667 1038 1682 ,
1057 1651 1136 1682 atque
1150 1640 1299 1670 innumeris
1314 1638 1507 1668 acerbitatibus
1522 1637 1602 1666 undi-

881 1703 932 1731 que
942 1691 1021 1720 cincti
1033 1700 1137 1726 sumus,
1152 1688 1185 1717 de
1196 1695 1222 1716 te
1238 1694 1326 1715 tamen
1340 1685 1368 1714 in
1381 1695 1445 1714 cura
1461 1691 1484 1712 et
1495 1683 1600 1712 sollici-

880 1738 975 1767 tudine
988 1747 1043 1765 esse
1057 1746 1108 1764 non
1125 1733 1283 1768 desinimus,
1305 1730 1471 1769 singulisque
1491 1728 1598 1762 diebus,

882 1791 911 1813 ut
921 1795 948 1813 se
960 1794 1001 1812 res
1013 1790 1063 1811 tuze
1071 1781 1196 1816 habeant,
1209 1784 1404 1818 percontamur.
1417 1775 1600 1810 Quamobrem

882 1841 914 1859 ne
933 1830 968 1858 ab
982 1829 1060 1865 aliis,
1081 1837 1178 1856 verum
1192 1826 1240 1853 abs
1259 1832 1286 1852 te
1297 1846 1305 1859 ‚
1324 1823 1401 1860 cujus
1418 1820 1496 1848 nobis
1513 1819 1601 1848 dulcis

882 1887 913 1905 ae
925 1884 1052 1915 perquam
1064 1872 1155 1901 suavis
1166 1869 1353 1899 benevolentia
1365 1874 1413 1901 cst,
1431 1866 1486 1894 haec
1502 1865 1602 1893 intelli-

883 1931 977 1960 gamus
988 1942 995 1956 ,
1015 1917 1145 1953 subinde,
1163 1926 1268 1954 quaeso,
1286 1914 1320 1943 de
1334 1920 1380 1942 tua
1395 1911 1551 1940 valetudine
1568 1910 1602 1938 ad

886 1977 932 1995 nos
949 1965 1043 1994 scribe.
1058 1962 1135 1992 Nihil
1146 1961 1217 1990 enim
1229 1960 1295 1995 erit,
1311 1958 1385 1998 quod
1397 1967 1448 1986 non
1464 1967 1478 1985 a
1493 1963 1518 1985 te
1532 1967 1603 1985 acce-

885 2013 955 2051 pisse
976 2009 1179 2042 existimemus,
1205 2007 1228 2035 si
1250 2005 1393 2045 epistolas,
1424 2013 1482 2041 quae
1510 2002 1602 2030 laetum

886 2058 957 2086 hune
971 2055 1047 2085 nobis
1062 2054 1187 2083 nuntium
1200 2053 1285 2081 ferant
1294 2074 1303 2090 ,
1321 2049 1511 2090 acceperimus.

1090 2148 1186 2176 XLII.
1205 2145 1401 2175 Candidiano.

929 2243 1025 2280 Ingens
1039 2238 1141 2268 itineris
1159 2236 1333 2266 intervallum
1352 2246 1400 2264 nos
1418 2233 1536 2271 dirimit,
1554 2244 1602 2262 nec

889 2298 1005 2329 parvum
1012 2294 1117 2326 tempus
1125 2291 1175 2323 est,
1187 2294 1248 2312 cum
1263 2283 1345 2311 abste
1355 2281 1467 2320 sejuncti
1485 2280 1600 2309 fuimus:

98 2391 111 2404 ¹‘
129 2391 202 2415 Putat
211 2392 308 2415 Fronto
319 2390 424 2413 Ducaeus
439 2386 573 2412 verisimile
586 2393 636 2409 esse
649 2384 714 2408 huuc
727 2382 819 2407 valen·
846 2379 919 2405 titulo
931 2376 1044 2403 exornati
1058 2379 1206 2405 occurrunt,
1220 2382 1258 2398 res
1272 2372 1297 2397 in
1308 2373 1404 2397 incerto
1417 2375 1538 2395 versatur.

66 2430 146 2453 tinum
164 2429 236 2453 fuisse
255 2427 400 2460 praefectum
414 2427 530 2458 praetorio
543 2430 586 2448 aut
603 2423 658 2448 urbi
678 2421 822 2447 Constanti-

66 2467 150 2500 nopoli
159 2488 165 2499 ‚
173 2469 230 2500 quia
243 2470 448 2500 μεγαλοπρεπείας,
459 2464 659 2498 magnificentur
667 2482 672 2492 ‚
682 2460 822 2486 honorifico

67 2505 190 2530 vocabulo
203 2504 377 2537 compellatur.
390 2506 481 2528 Verum
494 2503 612 2536 quoniam
625 2507 735 2525 rectores
747 2500 823 2524 etiam

68 2545 261 2576 provinciarum,
270 2550 295 2569 et.
306 2544 403 2576 patricii
412 2563 417 2574 ‚
427 2549 455 2568 ut
465 2543 515 2575 ipse
527 2539 824 2573 fatetur,Magnificentiae

880 2427 890 2438 ²
907 2416 998 2450 [Savil.
1013 2422 1051 2445 τῆς
1061 2414 1178 2445 διανοίας.]

880 2459 893 2478 b
911 2456 1014 2482 Coislin.
1029 2460 1051 2481 ἐν
1062 2461 1093 2487 τῷ
1105 2459 1200 2484 παρὸ-»τι
1212 2458 1291 2486 καιρῷ.

881 2505 890 2516 t
908 2497 962 2521 Duo
973 2497 1031 2520 Mss.
1046 2498 1214 2525 mma-adflent.
1227 2492 1302 2523 [Mox
1316 2488 1394 2515 savit.
1407 2488 1492 2522 ὁρμεῖ]

1603 537 1688 558 Cur-w·
1705 544 1744 556 an-

1585 583 1589 587 .
1604 577 1630 589 nu
1643 569 1696 596 4111.

1613 2254 1696 2274 Cumso
1717 2260 1755 2273 au-

1614 2294 1640 2306 no
1652 2284 1706 2314 ῥοῇ.
