1843 2810
208 156 273 190 802
542 166 569 189 S.
598 167 737 189 JOANNlS
763 167 942 189 CllRYSOST.
974 166 1127 189 Ancnttzr‘.
1157 165 1422 189 CONSTANTtNOP.

207 239 262 267 cos,
273 228 371 267 quihus
380 227 479 268 injuria
488 227 580 267 fiebat,
590 229 669 257 etiam
679 235 820 267 antequam
830 228 864 256 ad
874 228 924 256 tri—
975 229 1012 261 εἰς
1025 227 1072 263 τὴν
1086 227 1177 256 τούτου
1195 228 1329 267 διόρθωσιν
1344 230 1360 262 ἡ
1377 230 1423 263 τῆς
1438 227 1578 267 φιλοσόφου
1592 239 1636 256 σου
1652 229 1738 267 ψυχῆς

207 275 290 303 huual
301 274 448 309 accederes,
463 274 534 303 omni
550 275 691 303 vexatione
704 275 829 302 liberasse
839 274 921 302 confi·
974 273 1113 312 ὑπόληψις.
1134 273 1185 302 Aa&
1209 277 1291 302 ταῦτα
1313 273 1399 302 καίτοι
1416 275 1440 302 ἐν
1464 273 1561 313 ἐρημίᾳ
1583 273 1738 312 καθήμενος,

207 321 252 358 do,
270 327 348 358 atque
361 320 395 348 ad
411 320 466 348 haee
480 320 643 360 perficienda
660 321 723 348 satis
738 327 776 347 est
788 330 817 347 ea
832 319 921 358 opinio
976 319 1020 348 καὶ
1033 320 1143 351 πολλαῖς
1157 318 1328 357 συνεχόμενος
1342 319 1512 359 περιστάσεσι
1523 341 1530 354 ,
1553 320 1652 354 πολλῆς
1666 318 1739 357 γέμω

206 377 289 404 quam
302 366 422 394 homines
439 365 473 394 de
488 372 531 393 tua
549 365 678 403 sapientia
696 365 839 392 habebant.
861 363 922 392 ldeo
975 366 1021 399 τῆς
1036 363 1203 403 εὐφροσύνης,
1216 363 1346 403 ἡμετέραν
1369 364 1463 400 ἡδονὴν
1473 364 1520 400 τὴν
1533 367 1584 392 τῶν
1599 363 1740 402 ἀδικουμέ-

206 412 255 441 etsi
270 412 298 440 in
318 411 461 440 solitudine
475 411 582 448 degens,
598 421 628 438 ac
643 410 735 438 multis
745 410 922 439 incommodis
975 422 1025 439 νων
1043 410 1197 449 συμμαχίαν
1210 409 1361 448 ἡγούμενος.

205 459 328 491 affectus,
343 457 442 495 ingenti
458 464 544 484 tamen
563 456 654 484 laetitia
671 456 826 495 perfundor,
838 456 921 484 nimi-

205 514 265 532 rum
285 514 318 531 ex
331 513 368 539 ca,
388 513 468 540 quam
487 502 519 529 iis
540 501 587 539 qui
609 502 744 530 laeduntur
761 503 840 531 affers
860 512 920 541 ope,

206 549 341 588 propriam
355 548 422 576 mihi
433 548 598 586 voluptatem
610 548 721 586 fingens.

717 759 755 787 IN
778 758 988 787 EPISTOLAM
1010 758 1243 793 SEQUENFEM

539 864 602 899 AD
628 864 872 900 CYRIACUM
899 864 1159 899 EPISCOPUM
1187 864 1415 899 EXSULEM

253 1108 281 1135 ln
296 1107 377 1145 liujus
392 1106 509 1145 epistolae
524 1104 703 1133 sinceritatem
715 1103 873 1142 quaestiones
888 1111 1027 1132 moverunt
1041 1104 1095 1133 duo
1111 1105 1189 1143 Angli
1206 1105 1231 1133 in
1248 1105 1372 1134 Editione
1384 1105 1527 1135 Saviliana.
1549 1107 1578 1134 In
1596 1106 1664 1134 notis
1677 1106 1746 1134 enim

214 1165 239 1192 p.
256 1154 315 1181 25:30
331 1154 386 1180 lure
402 1152 481 1179 habet
495 1151 626 1185 llalesius,
642 1150 676 1178 ab
689 1149 803 1178 Henrico
819 1150 922 1178 Savilio
933 1150 1044 1178 allatus:
1059 1164 1072 1178 (ι
1089 1151 1151 1179 Ilaec
1165 1151 1199 1179 ad
1215 1152 1359 1190 Cyriacum
1374 1152 1484 1190 epistola
1499 1162 1602 1191 semper
1616 1151 1682 1180 milii
1694 1162 1744 1179 ve-

214 1199 350 1227 liementer
368 1205 398 1226 nt
423 1197 591 1237 supposititia
614 1203 652 1224 est
673 1202 804 1235 suspecta.
821 1195 912 1223 Primo
933 1195 1002 1223 enim
1020 1196 1188 1235 epistolarem
1210 1197 1288 1225 illum
1306 1197 1495 1235 characterem,
1513 1198 1559 1235 qui
1582 1197 1609 1226 in
1626 1197 1746 1235 reliquis,

212 1245 318 1272 omnino
334 1255 383 1272 non
397 1243 484 1272 video.
501 1243 604 1271 Deinde
614 1242 775 1281 prommium
792 1241 864 1269 idem
880 1242 932 1269 sere
947 1241 1026 1269 habet
1041 1253 1101 1270 eum
1115 1243 1226 1282 epistola
1241 1243 1326 1282 prima
1341 1242 1375 1271 ad
1391 1243 1590 1282 Olympiadem,
1602 1243 1749 1281 quinetiam

212 1292 327 1329 integras
342 1290 482 1318 sententias
497 1301 531 1318 ex
545 1290 606 1317 aliis
618 1288 802 1328 Clirysostomi
817 1288 943 1327 operibus
954 1288 1101 1327 decerptas,
1120 1299 1178 1326 qum
1194 1289 1319 1317 videntur
1334 1288 1495 1317 imitatorem
1509 1289 1626 1327 aliquem
1639 1299 1746 1328 sapere:

213 1344 238 1364 et
250 1337 369 1374 alioquin
383 1343 461 1371 certe,
473 1336 522 1363 nisi
539 1335 584 1363 ubi
596 1335 803 1374 Clirysostomus
819 1333 896 1372 plane
911 1333 1082 1372 compilatur,
1098 1334 1184 1372 stylus
1194 1334 1415 1373 Clu-ysostomum
1431 1345 1482 1362 non
1496 1335 1583 1363 refert.
1593 1334 1749 1370 Quinetiam

214 1382 337 1420 qumdam
353 1389 413 1410 sunt
430 1393 443 1409 a
459 1381 569 1411 Joannis
590 1381 672 1408 nostri
694 1380 815 1408 moribus
836 1386 861 1407 et
887 1379 996 1417 ingenio
1010 1379 1105 1407 aliena.
1119 1380 1186 1407 Nam
1202 1379 1274 1417 quod
1290 1379 1324 1407 ad
1344 1379 1469 1408 adulterii
1492 1380 1592 1408 crimen
1609 1379 1750 1418 respondet

216 1427 364 1458 ἀποδύσατέ
388 1438 436 1464 μου
452 1427 481 1455 τὸ
496 1428 574 1464 σῶμα
596 1432 644 1453 ete.
668 1432 693 1453 et
711 1425 849 1464 popularis
861 1425 934 1453 vocis
957 1425 1173 1453 commemoratio
1197 1425 1333 1465 συνέφερεν
1353 1425 1394 1454 ἵνα
1418 1428 1431 1454 ὁ
1450 1425 1522 1460 ἥλιος
1539 1426 1685 1455 συνέστειλε
1704 1425 1751 1458 τὰς

216 1475 322 1504 ἀκτῖνας
336 1474 414 1500 αὐτοῦ
425 1494 431 1506 ,
444 1472 460 1506 ἢ
477 1471 519 1499 ἵνα
534 1472 562 1500 τὸ
575 1471 659 1508 στόμα
674 1471 795 1499 Ἰωάννου
811 1470 942 1504 ἐσιώπησε
958 1482 962 1496 :
978 1470 1102 1508 quodque
1116 1471 1141 1498 in
1155 1471 1295 1499 Arsaciiun
1312 1471 1401 1510 paulo,
1419 1482 1500 1508 quam
1512 1482 1559 1510 par
1568 1477 1616 1504 est7
1631 1470 1751 1499 acerbius

216 1518 354 1548 invehitur
366 1530 371 1546 :
384 1518 451 1554 liceo,
471 1518 591 1555 inquam,
604 1516 711 1545 omnino
726 1527 777 1544 non
795 1516 908 1555 placent.
925 1516 1045 1544 Primum
1061 1517 1130 1544 enini
1144 1517 1240 1544 liabent
1258 1517 1363 1554 aliquid
1378 1517 1403 1544 in
1418 1528 1444 1545 se
1453 1516 1593 1555 tui-piculi⁷
1606 1515 1752 1544 secundum

215 1565 358 1604 jactantiae,
375 1571 538 1603 postremum
553 1562 692 1591 stomachi.
704 1564 789 1599 Atque
805 1569 874 1590 certe
888 1561 986 1589 horum
999 1562 1124 1590 ultimum
1140 1562 1244 1590 dudum
1258 1573 1273 1590 a
1288 1562 1383 1590 Photio
1394 1562 1563 1591 observatum
1580 1560 1697 1596 memini,
1710 1560 1753 1588 eui

217 1619 241 1639 et
257 1610 386 1639 medelam
399 1616 509 1637 conatur
525 1609 663 1643 adhibere,
676 1608 723 1636 sed
738 1618 788 1635 non
803 1607 866 1635 satis
879 1607 975 1635 dextro
990 1607 1152 1647 AEsculapio.
1165 1609 1299 1636 Postremo
1314 1607 1385 1646 quod
1404 1608 1440 1636 ait
1455 1608 1507 1636 ἀπὸ
1519 1609 1570 1636 τῶν
1587 1609 1752 1642 Κουκουσῶν,

218 1667 348 1695 nusquam
363 1663 450 1684 noster
463 1655 514 1683 lioe
534 1665 643 1683 numero
656 1654 784 1692 loquitur,
804 1653 850 1681 sed
869 1664 971 1692 semper
984 1653 1009 1681 in
1025 1654 1165 1691 singulari.
1182 1655 1266 1692 Atque
1282 1654 1341 1682 lucc
1360 1654 1414 1682 sere
1428 1660 1499 1688 sunt,
1512 1664 1570 1691 quae
1585 1653 1612 1681 in
1626 1653 1677 1681 hac
1697 1652 1753 1692 epi-

217 1704 284 1732 stola
299 1701 451 1735 obscrwui,
466 1702 599 1739 integrum
614 1700 648 1728 de
663 1711 691 1728 re
703 1699 903 1738 totajlidiciiini
919 1698 1024 1727 erudito
1037 1699 1191 1738 permittens
1202 1699 1324 1727 lectori.»

258 1750 287 1777 ln
299 1748 393 1777 iisdem
409 1747 478 1776 notis
494 1747 640 1776 savilianis
653 1758 679 1785 p.
694 1746 753 1775 883
767 1747 880 1775 Joannes
891 1745 997 1773 Boisius
1013 1744 1055 1772 liis
1067 1744 1217 1783 respondet7
1230 1752 1255 1773 et
1270 1756 1321 1773 una
1330 1751 1440 1783 excepta
1452 1743 1754 1783 stylidissimilitudine‚

172 1806 208 1824 εῡῡ
219 1801 311 1823 ca=tera
324 1794 411 1823 omnia
426 1799 582 1831 argumenta
598 1792 693 1820 refellit
705 1803 710 1818 :
725 1791 794 1819 lianc
805 1797 892 1819 autem
905 1797 995 1818 notam
1005 1790 1109 1829 putavit
1121 1791 1312 1819 'l'illemontius
1327 1801 1381 1819 esse
1395 1790 1504 1825 savini,
1519 1790 1596 1829 cujus
1612 1796 1681 1818 certe
1695 1800 1753 1817 ma-

216 1843 260 1881 jor
275 1848 341 1869 esset
351 1839 494 1868 auctoritas
506 1851 512 1873 ;
526 1838 571 1866 sed
586 1845 623 1867 est
634 1837 744 1867 Joannis
760 1837 854 1872 Boisii,
866 1843 894 1864 ut
906 1836 1006 1864 ibidem
1024 1836 1048 1864 in
1065 1847 1169 1864 summo
1181 1837 1302 1874 margine
1313 1836 1404 1865 videas
1418 1847 1423 1863 ε
1436 1836 1473 1864 sic
1482 1842 1570 1864 autem
1582 1835 1715 1873 loquitur:

259 1900 272 1914 a
285 1887 326 1916 Ex
343 1886 468 1914 omnibus
484 1884 538 1913 illis
552 1884 715 1917 rationibus,
732 1894 790 1921 qua*
803 1889 892 1911 contra
905 1882 1022 1921 epistolae
1039 1882 1115 1910 istius
1127 1882 1312 1910 auctoritatem
1327 1882 1485 1917 asseruntur,
1500 1881 1574 1909 nulla
1589 1881 1656 1909 mihi
1672 1881 1757 1919 magis

219 1934 314 1973 placet,
325 1943 404 1971 qnam
419 1942 476 1969 quse
487 1942 501 1959 a
513 1927 987 1970 stylidissimilitudineduciturlerc
994 1927 1062 1956 enim
1077 1935 1136 1956 nota
1144 1939 1202 1956 raro
1216 1928 1360 1959 fallit,cum
1368 1928 1546 1965 reliqua,qu;r
1553 1926 1696 1963 adduntur,
1705 1937 1756 1955 non

220 1979 285 2007 adeo
298 1979 349 2007 sint
359 1977 509 2006 infallibilis
518 1975 698 2009 certitudinis,
715 1982 743 2003 ut
757 1981 896 2014 propterea
908 1975 1053 2003 necessario
1066 1975 1099 2002 sit
1108 1974 1218 2013 epistola
1228 1974 1273 2002 illa
1284 1972 1757 2013 Chrysostomoabjudicanda.Com—

221 2024 312 2053 munia
326 2024 407 2052 habet
422 2023 504 2051 multa
520 2022 638 2061 epistolae
652 2021 731 2059 hujus
743 2020 884 2048 exordium
896 2030 957 2048 eum
973 2020 1058 2059 prima
1071 2020 1105 2048 ad
1114 2019 1315 2059 Olympiadem.
1337 2020 1442 2048 Fateor.
1462 2018 1515 2047 Sed
1527 2029 1579 2047 non
1594 2018 1654 2047 idco
1668 2018 1758 2047 statim

222 2069 386 2108 negandum,
407 2079 462 2097 esse
481 2079 539 2096 cam
554 2066 748 2107 Cluysostomi.
768 2065 879 2101 Quoties
897 2066 968 2093 enim
988 2065 1079 2093 eadem
1095 2065 1301 2104 Clirysostomus
1320 2064 1424 2104 repetit,
1445 2064 1525 2102 idque
1549 2064 1759 2104 ἀπαραλλάκτως

221 2117 275 2144 sere
289 2122 345 2143 tuin
360 2116 385 2143 in
401 2114 530 2153 epistolis,
545 2121 601 2142 tum
616 2113 642 2141 in
654 2112 793 2141 homiliis?
804 2112 870 2146 Quce
882 2111 962 2139 semel
977 2111 1047 2139 enim
1059 2111 1201 2139 benedicta
1211 2117 1283 2146 sunt,
1298 2121 1327 2139 ea
1342 2111 1418 2139 aliter
1429 2110 1518 2138 dicere
1528 2110 1603 2147 velle,
1616 2109 1665 2139 nisi
1679 2120 1756 2138 causa

221 2162 310 2199 aliqua
324 2160 421 2198 justior
442 2160 587 2198 impulerit,
607 2169 658 2187 non
678 2165 731 2186 tam
744 2157 838 2186 diserti
859 2164 908 2193 est⁷
925 2167 1004 2195 quam
1021 2157 1119 2185 curiosi
1134 2164 1157 2185 et
1175 2156 1280 2196 copiam
1294 2155 1459 2185 ostentantis.
1477 2156 1535 2184 Non
1554 2155 1758 2195 reprelienditur

221 2206 449 2244 igiturl‘lomerus,
464 2204 534 2242 quod
545 2215 559 2232 a
570 2204 655 2243 seipso
668 2203 825 2242 saepiusculc
835 2209 984 2239 mutuatur,
997 2210 1022 2231 et
1031 2203 1063 2231 de
1072 2202 1168 2231 iisdem
1180 2202 1271 2231 eadem
1283 2201 1397 2230 subinde
1409 2201 1490 2230 dicit:
1505 2201 1550 2230 sed
1560 2201 1627 2229 inter
1639 2201 1757 2239 reliquas

222 2254 279 2292 ejus
294 2252 405 2281 virtutes
416 2251 466 2278 hoe
485 2250 565 2278 etiam
580 2257 745 2285 numeratur,
761 2249 834 2287 quod
849 2249 992 2277 utilissimo
1004 2248 1165 2286 frugalitatis
1176 2249 1298 2287 exemplo
1313 2247 1424 2287 posteris
1438 2247 1538 2283 relicto,
1552 2257 1603 2275 non
1614 2247 1759 2275 necessaria

223 2299 324 2337 ubique
331 2297 457 2327 varietate
473 2296 593 2324 consulto
605 2296 731 2324 abstinet.
747 2295 826 2330 Quod
838 2294 871 2323 ad
885 2295 1028 2330 παθητικὸν
1041 2294 1108 2322 illud
1120 2294 1223 2330 attinet,
1240 2294 1388 2323 ἀποδύσατέ
1399 2305 1447 2331 μου
1461 2293 1490 2322 τὸ
1501 2295 1589 2331 σῶμα,
1604 2299 1653 2320 etc.
1666 2291 1759 2320 viden-

223 2344 289 2373 dum
297 2354 384 2372 annon
393 2352 496 2371 summa
503 2342 560 2380 ejus
570 2341 726 2376 innocentia,
736 2352 795 2369 cum
808 2341 960 2369 incredibili
973 2341 1065 2369 dolore
1076 2341 1225 2379 conjuncta,
1235 2347 1259 2368 et
1271 2339 1435 2379 impudentia
1444 2350 1537 2367 rursus
1544 2337 1758 2367 adversariorum

224 2390 327 2418 homini
338 2389 434 2417 misero
443 2398 473 2415 ae
485 2387 588 2425 dejecto
599 2387 654 2414 sine
665 2386 743 2414 modo
756 2386 954 2422 insultantium,
968 2386 1047 2414 talem
1059 2385 1098 2414 illi
1110 2396 1203 2414 vocem
1212 2385 1361 2424 exprimere
1370 2385 1512 2423 potuerint.
1524 2383 1663 2423 Popularis
1674 2384 1760 2412 accla-

226 2436 349 2464 mationis
366 2433 641 2462 commemorationem
657 2438 761 2470 tempus
772 2431 882 2459 fortasse
899 2431 985 2470 ipsum
997 2431 1128 2461 defendat.
1140 2432 1242 2466 Verba,
1258 2432 1278 2459 si
1296 2442 1342 2471 per
1354 2442 1381 2459 se
1395 2438 1554 2470 spectentur,
1571 2430 1714 2459 videantur
1726 2429 1759 2457 ab

224 2482 331 2510 homine
348 2480 418 2508 inani
434 2477 630 2517 etjactalmmlo
645 2476 761 2516 prosecta
777 2489 780 2503 z
796 2476 840 2504 scil
857 2476 877 2503 si
895 2483 998 2515 tempus
1013 2490 1066 2516 quo
1084 2478 1181 2516 prolata
1199 2477 1295 2505 suerint
1317 2477 1484 2516 respiciatur,
1501 2487 1576 2505 nemo
1591 2483 1636 2511 est,
1654 2475 1758 2514 opinor,

225 2528 303 2568 paulo
320 2527 431 2565 :r‹piior,
447 2525 491 2563 qui
509 2524 699 2562 Clirysestoino
719 2523 815 2555 exsuli.
833 2523 924 2561 ejecte,
941 2523 1049 2562 injuriis
1065 2534 1115 2551 non
1130 2522 1250 2551 dicendi>
1266 2523 1385 2561 tangam,
1404 2522 1597 2561 indignissimis
1616 2521 1756 2550 calumniis
