1843 2810
62 396 146 417 Mauh.
161 396 198 419 28-

60 580 114 601 Art.
125 585 149 607 9.
162 578 200 608 43.

62 628 122 648 [bul.
131 626 201 650 16.15.

214 133 281 167 808
529 143 543 165 s
551 158 556 165 .

211 206 341 235 demissus
354 212 410 243 est,
426 205 528 234 tamdiu
543 205 699 234 inhumatus
712 204 811 243 jacuit,
825 201 923 241 quoad,

212 259 241 280 ut
263 252 400 291 sepultura
422 251 565 279 donaretur
574 272 583 287 ‚
603 261 617 278 a
632 249 749 287 quodam
776 248 925 287 postulatus

210 304 249 326 est
260 297 272 325 ἶ)
285 297 434 326 Recordare
443 307 504 325 eum
515 296 606 324 funere
618 305 669 323 non
682 295 781 323 elatum
793 304 862 328 esse,
875 293 925 320 im-

210 343 377 382 probumque
389 352 535 371 sermonem
547 341 674 369 adversus
688 350 749 368 eum
762 338 925 366 dissemina-

213 396 269 418 tum
284 389 378 425 fuisse,
388 388 517 417 nimirum
527 398 587 415 eum
596 385 758 424 adiscipulis
770 384 825 412 suis
839 394 926 412 surre-

210 442 288 475 ptum
299 435 389 467 fuisse,
397 445 444 462 nce
456 432 642 460 resurrexisse.
654 432 685 459 In
695 437 810 458 mentem
818 429 926 458 veniant

212 481 342 520 apostoli,
360 479 406 517 qui
422 486 446 506 ct
468 478 519 516 ipsi
536 476 723 514 undecumque
739 475 924 510 vexabantur,

212 537 243 554 ae
256 526 369 554 latebras
386 524 539 562 quoerebant
551 545 558 557 ‚
577 521 647 560 quod
665 522 691 549 in
705 521 817 549 urbibus
836 521 926 560 palam

213 572 313 601 versari
324 581 375 599 nou
386 576 490 609 possent
503 580 508 596 z
524 579 640 606 quonam
652 574 728 606 paeto
752 568 844 595 Petrus
855 566 926 605 apud

214 618 349 648 Simonem
360 615 503 644 coriarium
514 614 694 649 delitescebat,
708 620 732 642 et
744 613 843 641 Paulus
854 612 927 651 apud

586 142 724 166 JOANNIS

214 664 353 692 mulierem
375 661 583 701 purpurariam,
608 660 733 698 quoniam
759 660 793 688 de
812 659 928 687 divitum

213 720 274 747 erga
290 720 316 736 se
326 707 414 735 animo
429 706 599 734 dubitabant.
615 707 647 733 At
659 713 750 744 postea
763 705 851 733 onmia
863 704 928 743 ipsis

213 755 292 794 plana
303 761 328 782 et
340 753 428 782 facilia
443 752 558 781 fuerunt.
576 751 618 780 Ad
633 751 757 780 eumdem
774 751 856 789 igitur
870 760 929 778 mo—

214 801 280 829 dum
299 807 327 828 tu
347 810 452 838 quoque
475 798 596 826 animum
613 808 644 826 ne
661 797 780 836 dejicias.
810 796 930 824 Allatum

215 854 305 875 autem
318 845 352 873 ad
368 856 409 873 me
424 851 462 873 cst
476 843 510 872 de
531 843 617 871 deliro
640 843 686 871 illo
703 841 811 871 Arsacio
828 864 835 878 ‚
851 851 931 879 quem

214 891 375 932 lmperatrix
393 891 419 919 in
434 890 529 919 throno
541 889 697 923 collocavit,
711 899 772 916 eum
781 888 874 916 fratres
888 897 931 915 eos

215 948 322 973 omnes,
339 936 384 975 qui
398 947 459 964 eum
476 935 533 974 ipso
548 933 746 963 communicare
756 933 930 967 recusabant,

216 983 359 1012 afflixisse:
372 989 396 1010 et
407 981 505 1010 multos
519 991 552 1008 ex
564 980 627 1019 ipsis
640 980 691 1008 mei
702 990 781 1008 causa
797 979 823 1007 in
840 978 932 1006 vincu-

217 1029 251 1057 lis
262 1029 333 1057 diem
349 1028 410 1057 vitaz
427 1034 574 1056 extremum
584 1026 719 1054 clausisse.
737 1025 878 1063 Siquidem
892 1025 933 1052 lu-

218 1086 269 1114 pus
280 1075 325 1103 ille
333 1097 340 1109 ‚
349 1075 406 1103 ovis
415 1073 531 1112 speciem
541 1082 594 1111 prae
607 1083 633 1100 sc
643 1072 727 1100 serens
736 1094 743 1107 ‚
752 1071 800 1100 etsi
818 1071 934 1110 episcopi

218 1121 322 1149 larvam
337 1126 424 1158 gerat,
436 1118 541 1146 adulter
551 1125 637 1145 tamen
650 1124 697 1146 est.
709 1118 746 1145 L't
756 1117 827 1145 enim
840 1117 936 1145 mulier

219 1166 341 1194 adultera
350 1171 462 1194 vocatur
474 1174 532 1202 qua’
544 1163 654 1192 vivente
666 1163 725 1192 viro
739 1163 814 1191 alteri
834 1163 912 1191 nubit
930 1175 935 1189 :

220 1211 313 1240 eodem
328 1210 408 1239 modo
420 1210 464 1238 hic
472 1220 578 1247 quoquc
589 1208 694 1237 adulter
705 1215 758 1244 est,
771 1219 822 1237 non
833 1208 918 1237 earnis
930 1231 936 1243 ‚

222 1257 267 1286 sed
281 1256 391 1296 spiritus
404 1268 409 1283 ε
426 1266 466 1283 me
475 1255 545 1283 enim
555 1255 664 1283 vivente
674 1254 799 1282 Ecclesia:
811 1254 938 1282 thronum

222 1303 331 1332 invasit.
347 1304 432 1340 Atque
446 1301 503 1329 haec
520 1300 569 1329 tibi
593 1311 606 1328 e
624 1301 727 1328 Cueuso
747 1299 858 1339 scripsi,
884 1311 937 1338 quo

224 1348 348 1378 videlicet
359 1346 521 1386 Imperatrix
544 1346 663 1384 ablegari
680 1356 721 1374 me
735 1346 825 1384 jussit.
845 1345 938 1373 Muliae

225 1404 304 1433 porro
316 1393 383 1421 mihi
402 1393 428 1420 in
447 1392 491 1420 via
507 1391 669 1420 calamitates
682 1391 848 1428 contigerunt
868 1402 873 1417 ε
890 1401 938 1419 γε·-

225 1450 286 1467 rum
300 1439 367 1466 nihil
383 1437 515 1477 ejusmodi
530 1436 596 1465 mihi
608 1447 677 1464 curae
688 1436 746 1464 fuit.
759 1437 796 1463 Ut
811 1442 899 1464 autem
912 1436 938 1463 in

224 1483 432 1524 Cappadociam,
441 1490 520 1521 atque
530 1482 608 1510 etiam
618 1482 644 1510 iu
656 1481 886 1510 Tauro-Ciliciam
895 1492 940 1509 ve-

226 1530 325 1566 nimus,
337 1539 433 1568 magno
443 1528 551 1567 agmine
561 1527 644 1556 sancti
659 1534 755 1566 patres,
767 1527 938 1559 aemonachi,

226 1583 252 1604 et
268 1576 386 1614 virgines
402 1575 510 1603 obviam
530 1574 607 1602 nobis
622 1573 764 1612 prodibant
781 1596 788 1609 ,
806 1573 939 1601 infinitam

226 1622 408 1661 lacrymarum
422 1621 478 1650 vim
494 1619 694 1659 profundentes.
713 1620 835 1657 Cumque
851 1630 898 1648 nos
913 1619 939 1647 in

227 1668 353 1696 exsilium
364 1667 490 1695 abeuntes
513 1672 665 1700 cernerent⁷
679 1665 705 1693 in
722 1666 799 1693 fletus
818 1676 941 1704 prorum-

228 1714 335 1752 pebant,
349 1712 445 1749 hisque
455 1712 522 1739 inter
533 1722 559 1739 se
574 1711 663 1739 verbis
675 1711 818 1739 utebantur
830 1722 836 1737 z
852 1711 942 1738 Satius

228 1758 320 1786 suisset
329 1757 409 1786 solem
418 1756 506 1785 radios
518 1766 579 1784 suos
590 1756 753 1790 subtrahere,
767 1766 848 1793 quam
862 1757 943 1784 Joan-

230 1804 270 1832 nis
284 1814 312 1831 os
332 1803 470 1831 conticere.
488 1801 550 1829 Haec
571 1811 612 1829 me
629 1801 821 1839 perturbabant
838 1812 868 1829 ac
884 1812 944 1840 pre—

230 1849 337 1878 mebant
349 1871 356 1885 ,
377 1848 505 1887 quoniam
530 1857 620 1875 omnes
642 1857 700 1874 mea
716 1857 794 1875 causa
812 1846 945 1885 plorantes

230 1895 360 1924 intuebar.
373 1895 440 1923 Nam
458 1900 550 1921 caetera
568 1892 656 1920 omnia
667 1914 674 1928 ,
698 1903 757 1930 quae
772 1892 839 1920 mihi
852 1892 945 1920 oborta

230 1947 307 1978 sunt,
325 1940 399 1968 nulla
424 1950 466 1967 me
481 1949 543 1967 eura
566 1938 721 1966 affecerunt.
743 1939 779 1966 At
792 1948 856 1966 vero
870 1938 946 1966 urbis

230 1986 341 2025 hujusce
355 1984 494 2023 episcopus
502 1993 631 2021 perquam
642 1982 794 2010 humaniter
805 1993 851 2010 nos
868 1993 945 2011 exce—

231 2033 287 2071 pit,
310 2038 463 2068 tantamque
483 2039 544 2067 erga
560 2039 607 2057 uos
621 2028 756 2056 caritatem
773 2039 827 2067 prce
853 2039 881 2057 se
900 2036 943 2057 tu-

232 2076 281 2112 lit,
299 2082 329 2103 ut
343 2075 422 2103 etiam
432 2095 440 2110 ‚
455 2073 476 2101 si
492 2073 550 2101 fieri
569 2073 712 2111 potuisset,
728 2072 824 2101 throno
838 2083 944 2111 quoque

232 2131 281 2149 suo
305 2120 380 2148 nobis
391 2129 511 2147 cessurus
527 2118 617 2153 suerit,
638 2118 689 2146 nisi
705 2118 781 2146 nobis
797 2118 945 2147 cavendum

232 2166 324 2194 fuisset
336 2187 344 2202 7
364 2175 396 2192 ne
412 2164 594 2203 praeseriptum
611 2163 723 2192 limitem
748 2164 944 2193 excederemus.

234 2211 416 2246 Quamobrem
440 2216 463 2238 te
477 2220 540 2248 rogo
550 2232 558 2247 ,
576 2220 606 2238 ac
620 2209 694 2238 velut
708 2209 819 2249 genibus
833 2209 885 2239 tuis
898 2210 944 2239 asl-

233 2257 342 2287 volutus
355 2255 472 2284 obtestor
487 2277 494 2290 ‚
512 2261 541 2283 ut
556 2266 696 2283 moerorcm
710 2262 735 2283 et
751 2255 853 2283 luctum
876 2256 946 2294 abji-

235 2303 303 2339 cias,
322 2313 352 2330 ae
367 2312 416 2340 pro
431 2300 506 2329 nobis
521 2300 593 2339 apud
607 2301 693 2329 Deum
708 2310 810 2329 memor
828 2300 879 2338 sis,
896 2311 948 2329 no-

235 2349 329 2386 bisque
341 2346 477 2376 rescribas.

751 140 931 164 CHRYSOST.
961 140 1103 164 Aucnmp
1110 157 1116 163 .
1147 142 1207 165 CON
1214 143 1398 166 STAN'rtNOP
1406 158 1412 164 .

979 202 1048 231 κατὰ
1063 202 1109 237 τὴν
1124 204 1179 232 ὁδὸν
1195 204 1340 240 συνέδησαν
1358 207 1421 242 ἡμῖν
1432 226 1439 239 ,
1455 204 1512 232 ἀλλ’
1534 204 1634 243 οὐδενὸς
1655 205 1746 242 ἐφρον·

979 247 1098 285 τίσαμεν.
1114 248 1180 278 “Ore
1195 250 1221 278 δὲ
1234 250 1347 288 ἤλθομεν
1363 250 1428 288 πρὸς
1440 249 1488 283 τὴν
1504 248 1593 288 ιΛώροιν
1608 250 1659 276 τῶν
1671 250 1747 277 Καπ-

980 293 1101 322 παδόκων
1110 317 1117 330 ,
1132 294 1176 322 καὶ
1191 297 1216 323 ἐν
1227 297 1258 333 τῇ
1274 295 1466 336 Ταυροκιλικίᾳ
1475 317 1482 330 ,
1495 294 1587 323 πολλοὶ
1596 294 1670 333 χοροὶ
1683 296 1746 331 ἡμῖν

981 339 1102 374 ὑπήντων
1116 340 1235 380 πατέρων
1251 340 1330 378 ἁγίων
1347 341 1445 380 ἀνδρῶν
1457 363 1465 378 ,
1490 341 1518 368 οὗ
1549 340 1601 377 μὴν
1621 339 1688 368 ἀλλὰ
1704 339 1748 367 καὶ

981 385 1069 420 πλήθη
1083 389 1204 425 μοναχῶν
1219 387 1263 414 καὶ
1277 386 1426 425 παρθένων,
1444 387 1490 419 τὰς
1506 386 1648 417 ἀθανάτους
1662 384 1749 423 πηγὰς

981 433 1033 459 τῶν
1048 432 1165 472 δακρύων
1181 432 1322 471 ἐκχέοντες.
1335 432 1387 460 Καὶ
1401 432 1503 460 ἔκλαιον
1519 435 1671 471 Θεωροῦντες
1680 433 1750 468 ἡμᾶς

983 478 1008 505 ἐν
1027 479 1059 515 τῇ
1076 476 1161 516 ἐξορία
1178 477 1387 515 ἀπερχομένους,
1403 477 1447 504 καὶ
1460 477 1545 515 ἔλεγον
1559 477 1622 516 πρὸς
1635 475 1750 510 ἑαυτοὺς,

984 523 1120 561 συνέφερεν
1131 522 1173 550 ἰ’να
1186 525 1199 550 ὃ
1213 522 1285 556 ’ἥλιος
1310 522 1455 550 συνέστειλε
1473 522 1519 555 τὰς
1534 523 1638 554 ἀκτῖνας
1656 523 1733 550 αὐτοῦ
1744 544 1750 555 ,

984 567 1000 602 ἦ
1015 568 1057 596 ἵνα
1076 569 1105 597 τὸ
1120 568 1205 606 στόμα
1220 568 1342 597 Ἰωάννου
1354 568 1494 603 ἐσιώπησε.
1512 568 1604 596 Ταῦτά
1619 579 1650 604 με
1665 567 1751 606 ἐθορυ-

985 614 1050 648 ὅησε
1068 614 1112 642 καὶ
1131 614 1248 653 ἔῡλιψεν,
1267 614 1357 648 ἐπειδὴ
1372 613 1481 642 ἔὸλεπον
1499 614 1599 645 πάντας
1614 613 1751 643 κλαίοντας

985 660 1045 698 περὶ
1060 661 1132 695 ἐμοῦ.
1145 659 1221 688 Ἐπεὶ
1236 662 1287 688 τῶν
1299 660 1385 688 ἄλλων
1397 659 1512 693 πάντων,
1526 658 1574 687 ὅσα
1588 658 1683 692 συνέὲη
1698 670 1751 694 μοι,

985 706 1108 744 φροντίδα
1125 706 1172 734 οὐκ
1189 705 1309 740 ἐποίησα.
1325 704 1400 732 Πάνυ
1425 704 1451 732 δὲ
1477 707 1548 741 ἡμᾶς
1571 702 1725 735 ἐδεξιώσατο
1740 706 1752 732 ὁ

985 751 1126 784 ἐπίσκοπος
1140 754 1187 786 τῆς
1208 751 1308 782 πόλεως
1332 750 1443 784 ταύτης,
1466 749 1510 778 καὶ
1534 748 1633 784 πολλὴν
1649 748 1752 786 ἀγάπην

986 797 1078 830 ἔδειξεν
1093 799 1129 829 εἷς
1150 800 1220 835 ἡμᾶς
1230 809 1235 814 ’
1249 796 1334 831 ὥστε,
1359 797 1380 824 εἷ
1407 795 1529 829 δυνατὸν,
1544 795 1587 823 καὶ
1609 794 1652 822 τὸν
1665 794 1752 833 θρόνον

987 845 1063 871 αὑτοῦ
1088 843 1276 882 παρεχώρησεν
1290 845 1364 880 ἡμῖν,
1381 844 1401 870 εἰ
1418 841 1453 880 μὴ
1475 841 1518 870 τὸν
1540 840 1597 880 ὅρον
1614 840 1753 879 ἐφυλάττο-

989 900 1044 926 μεν.
1072 888 1172 926 Δέομαι
1194 883 1237 916 οἶν
1261 888 1305 916 καὶ
1333 887 1461 916 ἀντιῧολῶ
1472 908 1479 922 ,
1499 886 1543 915 καὶ
1564 887 1615 913 τῶν
1639 885 1753 923 γονάτων

989 937 1106 971 ἅπτομαι
1126 936 1177 962 τῶν
1192 936 1259 968 σῶν,
1271 933 1413 971 ἀπόρριψον
1428 933 1457 961 τὸ
1470 932 1560 963 πένθος
1574 932 1620 964 τῆς
1643 931 1754 968 ἀθυμίας

990 992 1034 1009 σου
1044 1003 1051 1015 ,
1063 979 1128 1017 ὑπὲρ
1139 981 1215 1014 *ku-6350
1231 978 1319 1017 μνείαν
1332 978 1400 1016 ἔχων
1414 978 1477 1018 πρὸς
1491 978 1533 1006 τὸν
1549 977 1630 1013 Θεὸν,
1642 976 1686 1004 καὶ
1703 978 1753 1005 ἀν-

991 1026 1117 1065 τιγράψαι
1130 1027 1193 1062 ἡμῖν
1206 1023 1399 1063 παρακλήΟητι.
