<?xml version="1.0" encoding="UTF-8"?>
<!DOCTYPE html PUBLIC "-//W3C//DTD XHTML 1.0 Transitional//EN"
    "http://www.w3.org/TR/xhtml1/DTD/xhtml1-transitional.dtd">
<html xmlns="http://www.w3.org/1999/xhtml" xml:lang="en" lang="en">
 <head>
  <title>
</title>
<meta http-equiv="Content-Type" content="text/html;charset=utf-8" />
  <meta name='ocr-system' content='tesseract 3.04.00' />
  <meta name='ocr-capabilities' content='ocr_page ocr_carea ocr_par ocr_line ocrx_word'/>
</head>
<body>
  <div class='ocr_page' id='page_1' title='image "./operaomniaquaeex03johnuoft/operaomniaquaeex03johnuoft_0247.png"; bbox 0 0 1830 2829; ppageno 0'>
   <div class='ocr_carea' id='block_1_1' title="bbox 404 165 1327 195">
    <p class='ocr_par' dir='ltr' id='par_1_1' title="bbox 404 165 1327 195">
     <span class='ocr_line' id='line_1_1' title="bbox 404 165 1327 195; baseline 0.004 -8"><span class='ocrx_word' id='word_1_1' title='bbox 404 165 433 187; x_wconf 69' lang='lat' dir='ltr'>m·</span> <span class='ocrx_word' id='word_1_2' title='bbox 464 165 573 195; x_wconf 43' lang='lat' dir='ltr'>nutui),</span> <span class='ocrx_word' id='word_1_3' title='bbox 603 165 776 187; x_wconf 19' lang='lat' dir='ltr'>sntitvrt&#39;rli</span> <span class='ocrx_word' id='word_1_4' title='bbox 805 166 1000 188; x_wconf 67' lang='lat' dir='ltr'>vitisciLLAM</span> <span class='ocrx_word' id='word_1_5' title='bbox 1029 167 1069 189; x_wconf 77' lang='grc' dir='ltr'>ΕΤ</span> <span class='ocrx_word' id='word_1_6' title='bbox 1098 168 1261 195; x_wconf 69' lang='grc' dir='ltr'>Λ()υ11,ΛΜ.</span> <span class='ocrx_word' id='word_1_7' title='bbox 1293 170 1327 191; x_wconf 89' lang='grc' dir='ltr'>ΙΙ.</span> 
     </span>
    </p>
   </div>
   <div class='ocr_carea' id='block_1_2' title="bbox 84 224 854 447">
    <p class='ocr_par' dir='ltr' id='par_1_2' title="bbox 84 224 854 447">
     <span class='ocr_line' id='line_1_2' title="bbox 88 224 853 266; baseline 0.003 -14"><span class='ocrx_word' id='word_1_8' title='bbox 88 224 180 262; x_wconf 78' lang='grc' dir='ltr'>θυμιαν</span> <span class='ocrx_word' id='word_1_9' title='bbox 198 225 317 264; x_wconf 77' lang='grc' dir='ltr'>γενναίαν</span> <span class='ocrx_word' id='word_1_10' title='bbox 329 226 374 254; x_wconf 76' lang='grc' dir='ltr'>καὶ</span> <span class='ocrx_word' id='word_1_11' title='bbox 385 226 471 264; x_wconf 61' lang='grc' dir='ltr'>ψυχὴν</span> <span class='ocrx_word' id='word_1_12' title='bbox 487 227 550 265; x_wconf 81' lang='grc' dir='ltr'>πρὸς</span> <span class='ocrx_word' id='word_1_13' title='bbox 565 227 695 260; x_wconf 80' lang='grc' dir='ltr'>κινδυνους</span> <span class='ocrx_word' id='word_1_14' title='bbox 706 239 853 266; x_wconf 82' lang='grc' dir='ltr'>παρατετα-</span> 
     </span>
     <span class='ocr_line' id='line_1_3' title="bbox 86 270 854 311; baseline 0.004 -13"><span class='ocrx_word' id='word_1_15' title='bbox 86 270 184 309; x_wconf 71' lang='grc' dir='ltr'>γιιὲνην</span> <span class='ocrx_word' id='word_1_16' title='bbox 200 271 267 309; x_wconf 77' lang='grc' dir='ltr'>μετὰ</span> <span class='ocrx_word' id='word_1_17' title='bbox 281 272 379 306; x_wconf 79' lang='grc' dir='ltr'>πολλῆς</span> <span class='ocrx_word' id='word_1_18' title='bbox 394 274 440 306; x_wconf 79' lang='grc' dir='ltr'>τῆς</span> <span class='ocrx_word' id='word_1_19' title='bbox 451 273 601 311; x_wconf 79' lang='grc' dir='ltr'>περιουσίας</span> <span class='ocrx_word' id='word_1_20' title='bbox 614 275 694 311; x_wconf 73' lang='grc' dir='ltr'>εἰγον.</span> <span class='ocrx_word' id='word_1_21' title='bbox 717 273 768 302; x_wconf 78' lang='grc' dir='ltr'>Διὰ</span> <span class='ocrx_word' id='word_1_22' title='bbox 779 284 854 302; x_wconf 86' lang='grc' dir='ltr'>τουτο</span> 
     </span>
     <span class='ocr_line' id='line_1_4' title="bbox 86 317 854 358; baseline 0.003 -14"><span class='ocrx_word' id='word_1_23' title='bbox 86 317 189 344; x_wconf 76' lang='grc' dir='ltr'>πολλων</span> <span class='ocrx_word' id='word_1_24' title='bbox 216 317 349 355; x_wconf 69' lang='grc' dir='ltr'>εὐεργέται</span> <span class='ocrx_word' id='word_1_25' title='bbox 374 317 491 355; x_wconf 83' lang='grc' dir='ltr'>ἐγένοντο</span> <span class='ocrx_word' id='word_1_26' title='bbox 516 329 560 346; x_wconf 86' lang='grc' dir='ltr'>και</span> <span class='ocrx_word' id='word_1_27' title='bbox 582 330 636 346; x_wconf 80' lang='grc' dir='ltr'>σωτ</span> <span class='ocrx_word' id='word_1_28' title='bbox 638 320 706 358; x_wconf 74' lang='grc' dir='ltr'>ἧρες.</span> <span class='ocrx_word' id='word_1_29' title='bbox 740 320 780 347; x_wconf 81' lang='grc' dir='ltr'>Οὐ</span> <span class='ocrx_word' id='word_1_30' title='bbox 803 318 854 357; x_wconf 87' lang='grc' dir='ltr'>γὰρ</span> 
     </span>
     <span class='ocr_line' id='line_1_5' title="bbox 85 361 854 402; baseline 0.004 -13"><span class='ocrx_word' id='word_1_31' title='bbox 85 361 164 393; x_wconf 80' lang='grc' dir='ltr'>ουτως</span> <span class='ocrx_word' id='word_1_32' title='bbox 175 364 197 390; x_wconf 80' lang='grc' dir='ltr'>οἱ</span> <span class='ocrx_word' id='word_1_33' title='bbox 208 362 378 395; x_wconf 84' lang='grc' dir='ltr'>πλουτουντες</span> <span class='ocrx_word' id='word_1_34' title='bbox 390 363 434 391; x_wconf 86' lang='grc' dir='ltr'>καὶ</span> <span class='ocrx_word' id='word_1_35' title='bbox 445 364 581 402; x_wconf 67' lang='grc' dir='ltr'>ψοφοδεεῖς</span> <span class='ocrx_word' id='word_1_36' title='bbox 592 366 627 396; x_wconf 71' lang='grc' dir='ltr'>ὡς</span> <span class='ocrx_word' id='word_1_37' title='bbox 639 367 663 392; x_wconf 82' lang='grc' dir='ltr'>οἱ</span> <span class='ocrx_word' id='word_1_38' title='bbox 672 364 747 402; x_wconf 74' lang='grc' dir='ltr'>πενία</span> <span class='ocrx_word' id='word_1_39' title='bbox 761 366 854 397; x_wconf 81' lang='grc' dir='ltr'>συζων-</span> 
     </span>
     <span class='ocr_line' id='line_1_6' title="bbox 84 407 853 447; baseline 0.004 -12"><span class='ocrx_word' id='word_1_40' title='bbox 84 418 125 438; x_wconf 86' lang='grc' dir='ltr'>τες</span> <span class='ocrx_word' id='word_1_41' title='bbox 140 407 184 435; x_wconf 83' lang='grc' dir='ltr'>καὶ</span> <span class='ocrx_word' id='word_1_42' title='bbox 197 408 376 447; x_wconf 76' lang='grc' dir='ltr'>μεγαλόψυγοι</span> <span class='ocrx_word' id='word_1_43' title='bbox 389 408 435 441; x_wconf 78' lang='grc' dir='ltr'>τὰς</span> <span class='ocrx_word' id='word_1_44' title='bbox 447 408 607 444; x_wconf 57' lang='lat' dir='ltr'>[mad-rma:</span> <span class='ocrx_word' id='word_1_45' title='bbox 620 411 754 439; x_wconf 62' lang='lat' dir='ltr'>‹meAszv</span> <span class='ocrx_word' id='word_1_46' title='bbox 741 410 853 438; x_wconf 81' lang='grc' dir='ltr'>ούναιντ’</span> 
     </span>
    </p>
   </div>
   <div class='ocr_carea' id='block_1_3' title="bbox 85 452 889 494">
    <p class='ocr_par' dir='ltr' id='par_1_3' title="bbox 85 452 889 494">
     <span class='ocr_line' id='line_1_7' title="bbox 85 452 889 494; baseline 0.005 -14"><span class='ocrx_word' id='word_1_47' title='bbox 85 452 126 480; x_wconf 83' lang='grc' dir='ltr'>ἄν.</span> <span class='ocrx_word' id='word_1_48' title='bbox 144 453 196 481; x_wconf 82' lang='grc' dir='ltr'>Και</span> <span class='ocrx_word' id='word_1_49' title='bbox 209 453 300 490; x_wconf 85' lang='grc' dir='ltr'>μηδεις</span> <span class='ocrx_word' id='word_1_50' title='bbox 313 453 458 494; x_wconf 74' lang='grc' dir='ltr'>παράδοξον</span> <span class='ocrx_word' id='word_1_51' title='bbox 474 457 539 482; x_wconf 85' lang='grc' dir='ltr'>εἰναι</span> <span class='ocrx_word' id='word_1_52' title='bbox 554 455 657 492; x_wconf 68' lang='grc' dir='ltr'>νονιιζέτ</span> <span class='ocrx_word' id='word_1_53' title='bbox 661 467 682 483; x_wconf 79' lang='grc' dir='ltr'>ω</span> <span class='ocrx_word' id='word_1_54' title='bbox 697 456 726 483; x_wconf 78' lang='grc' dir='ltr'>τὸ</span> <span class='ocrx_word' id='word_1_55' title='bbox 741 457 768 484; x_wconf 85' lang='grc' dir='ltr'>λε</span> <span class='ocrx_word' id='word_1_56' title='bbox 770 455 850 494; x_wconf 70' lang='grc' dir='ltr'>γόαε-</span> <span class='ocrx_word' id='word_1_57' title='bbox 872 470 889 492; x_wconf 84' lang='lat' dir='ltr'>B</span> 
     </span>
    </p>
   </div>
   <div class='ocr_carea' id='block_1_4' title="bbox 83 499 853 905">
    <p class='ocr_par' dir='ltr' id='par_1_4' title="bbox 83 499 853 905">
     <span class='ocr_line' id='line_1_8' title="bbox 85 499 852 538; baseline 0.005 -12"><span class='ocrx_word' id='word_1_58' title='bbox 85 509 145 526; x_wconf 90' lang='grc' dir='ltr'>νον</span> <span class='ocrx_word' id='word_1_59' title='bbox 166 499 260 534; x_wconf 78' lang='grc' dir='ltr'>ἀληθὲς</span> <span class='ocrx_word' id='word_1_60' title='bbox 275 499 324 538; x_wconf 85' lang='grc' dir='ltr'>γάρ</span> <span class='ocrx_word' id='word_1_61' title='bbox 338 501 409 536; x_wconf 78' lang='grc' dir='ltr'>ἐστι,</span> <span class='ocrx_word' id='word_1_62' title='bbox 429 511 473 528; x_wconf 90' lang='grc' dir='ltr'>και</span> <span class='ocrx_word' id='word_1_63' title='bbox 490 502 534 528; x_wconf 83' lang='grc' dir='ltr'>ἀπ’</span> <span class='ocrx_word' id='word_1_64' title='bbox 553 502 637 529; x_wconf 78' lang='grc' dir='ltr'>αὐτων</span> <span class='ocrx_word' id='word_1_65' title='bbox 656 501 786 530; x_wconf 76' lang='grc' dir='ltr'>δείκνυται</span> <span class='ocrx_word' id='word_1_66' title='bbox 800 504 852 530; x_wconf 77' lang='grc' dir='ltr'>τῶν</span> 
     </span>
     <span class='ocr_line' id='line_1_9' title="bbox 85 544 853 585; baseline 0.004 -13"><span class='ocrx_word' id='word_1_67' title='bbox 85 545 257 583; x_wconf 77' lang='grc' dir='ltr'>πραγμάτων.</span> <span class='ocrx_word' id='word_1_68' title='bbox 285 544 318 573; x_wconf 87' lang='lat'>‘0</span> <span class='ocrx_word' id='word_1_69' title='bbox 345 545 392 583; x_wconf 75' lang='grc' dir='ltr'>μὲν</span> <span class='ocrx_word' id='word_1_70' title='bbox 410 545 460 585; x_wconf 76' lang='grc' dir='ltr'>γὰρ</span> <span class='ocrx_word' id='word_1_71' title='bbox 480 546 600 579; x_wconf 78' lang='grc' dir='ltr'>πλούσιος</span> <span class='ocrx_word' id='word_1_72' title='bbox 615 546 712 578; x_wconf 81' lang='grc' dir='ltr'>πολλὰς</span> <span class='ocrx_word' id='word_1_73' title='bbox 733 547 788 585; x_wconf 69' lang='grc' dir='ltr'>ἔχει</span> <span class='ocrx_word' id='word_1_74' title='bbox 808 550 853 576; x_wconf 75' lang='grc' dir='ltr'>τοῦ</span> 
     </span>
     <span class='ocr_line' id='line_1_10' title="bbox 83 590 510 645; baseline 0.007 -28"><span class='ocrx_word' id='word_1_75' title='bbox 83 590 322 645; x_wconf 67' lang='grc' dir='ltr'>παραὸλάπτεσθαι</span> <span class='ocrx_word' id='word_1_76' title='bbox 346 591 393 623; x_wconf 87' lang='grc' dir='ltr'>τὰς</span> <span class='ocrx_word' id='word_1_77' title='bbox 416 592 510 624; x_wconf 74' lang='grc' dir='ltr'>λαίας</span> 
     </span>
     <span class='ocr_line' id='line_1_11' title="bbox 85 635 852 689; baseline 0.004 -26"><span class='ocrx_word' id='word_1_78' title='bbox 85 635 151 673; x_wconf 82' lang='grc' dir='ltr'>ὑπὲρ</span> <span class='ocrx_word' id='word_1_79' title='bbox 173 637 292 668; x_wconf 74' lang='grc' dir='ltr'>οἰκετων,</span> <span class='ocrx_word' id='word_1_80' title='bbox 319 636 384 675; x_wconf 78' lang='grc' dir='ltr'>ὑπὲρ</span> <span class='ocrx_word' id='word_1_81' title='bbox 403 638 500 675; x_wconf 80' lang='grc' dir='ltr'>ἀγρῶν,</span> <span class='ocrx_word' id='word_1_82' title='bbox 520 637 585 675; x_wconf 80' lang='grc' dir='ltr'>ὑπὲρ</span> <span class='ocrx_word' id='word_1_83' title='bbox 602 637 758 689; x_wconf 80' lang='grc' dir='ltr'>χρημάτων,</span> <span class='ocrx_word' id='word_1_84' title='bbox 776 639 828 675; x_wconf 77' lang='grc' dir='ltr'>μήτ</span> <span class='ocrx_word' id='word_1_85' title='bbox 820 650 852 670; x_wconf 87' lang='grc' dir='ltr'>ις</span> 
     </span>
     <span class='ocr_line' id='line_1_12' title="bbox 86 681 852 721; baseline 0.004 -12"><span class='ocrx_word' id='word_1_86' title='bbox 86 681 163 709; x_wconf 80' lang='grc' dir='ltr'>αὐτόν</span> <span class='ocrx_word' id='word_1_87' title='bbox 190 694 215 710; x_wconf 80' lang='grc' dir='ltr'>τι</span> <span class='ocrx_word' id='word_1_88' title='bbox 239 693 299 711; x_wconf 85' lang='grc' dir='ltr'>του.</span> <span class='ocrx_word' id='word_1_89' title='bbox 301 695 336 710; x_wconf 86' lang='grc' dir='ltr'>ων</span> <span class='ocrx_word' id='word_1_90' title='bbox 358 683 496 721; x_wconf 62' lang='grc' dir='ltr'>ἀφέληται.</span> <span class='ocrx_word' id='word_1_91' title='bbox 529 683 581 711; x_wconf 79' lang='grc' dir='ltr'>Καὶ</span> <span class='ocrx_word' id='word_1_92' title='bbox 604 682 633 710; x_wconf 77' lang='grc' dir='ltr'>τὸ</span> <span class='ocrx_word' id='word_1_93' title='bbox 656 683 761 711; x_wconf 78' lang='grc' dir='ltr'>πολλῶν</span> <span class='ocrx_word' id='word_1_94' title='bbox 786 686 852 712; x_wconf 79' lang='grc' dir='ltr'>εἰναι</span> 
     </span>
     <span class='ocr_line' id='line_1_13' title="bbox 85 727 852 766; baseline 0.003 -11"><span class='ocrx_word' id='word_1_95' title='bbox 85 738 183 766; x_wconf 84' lang='grc' dir='ltr'>κυριον,</span> <span class='ocrx_word' id='word_1_96' title='bbox 204 729 308 756; x_wconf 81' lang='grc' dir='ltr'>πολλων</span> <span class='ocrx_word' id='word_1_97' title='bbox 323 731 388 757; x_wconf 86' lang='grc' dir='ltr'>εἰναι</span> <span class='ocrx_word' id='word_1_98' title='bbox 407 729 495 757; x_wconf 84' lang='grc' dir='ltr'>δουλον</span> <span class='ocrx_word' id='word_1_99' title='bbox 513 732 591 756; x_wconf 87' lang='grc' dir='ltr'>ποιεῖ.</span> <span class='ocrx_word' id='word_1_100' title='bbox 611 727 644 757; x_wconf 89' lang='lat'>0</span> <span class='ocrx_word' id='word_1_101' title='bbox 661 728 750 766; x_wconf 86' lang='grc' dir='ltr'>με’ντοι</span> <span class='ocrx_word' id='word_1_102' title='bbox 763 728 852 764; x_wconf 80' lang='grc' dir='ltr'>πένης,</span> 
     </span>
     <span class='ocr_line' id='line_1_14' title="bbox 85 772 852 811; baseline 0.001 -10"><span class='ocrx_word' id='word_1_103' title='bbox 85 772 193 806; x_wconf 78' lang='grc' dir='ltr'>εὔζωνός</span> <span class='ocrx_word' id='word_1_104' title='bbox 216 785 254 806; x_wconf 89' lang='grc' dir='ltr'>τις</span> <span class='ocrx_word' id='word_1_105' title='bbox 270 773 305 801; x_wconf 76' lang='grc' dir='ltr'>ὧν</span> <span class='ocrx_word' id='word_1_106' title='bbox 331 774 375 802; x_wconf 79' lang='grc' dir='ltr'>καὶ</span> <span class='ocrx_word' id='word_1_107' title='bbox 399 774 485 806; x_wconf 82' lang='grc' dir='ltr'>πάσας</span> <span class='ocrx_word' id='word_1_108' title='bbox 510 773 605 806; x_wconf 81' lang='grc' dir='ltr'>ταύτας</span> <span class='ocrx_word' id='word_1_109' title='bbox 625 773 786 811; x_wconf 72' lang='grc' dir='ltr'>ἀποθέμενος</span> <span class='ocrx_word' id='word_1_110' title='bbox 806 774 852 807; x_wconf 82' lang='grc' dir='ltr'>τὰς</span> 
     </span>
     <span class='ocr_line' id='line_1_15' title="bbox 84 817 850 858; baseline 0.003 -12"><span class='ocrx_word' id='word_1_111' title='bbox 84 817 180 853; x_wconf 69' lang='grc' dir='ltr'>λαὸὰς,</span> <span class='ocrx_word' id='word_1_112' title='bbox 197 818 262 847; x_wconf 85' lang='grc' dir='ltr'>λε’ων</span> <span class='ocrx_word' id='word_1_113' title='bbox 286 819 341 848; x_wconf 84' lang='grc' dir='ltr'>ἐστὶ</span> <span class='ocrx_word' id='word_1_114' title='bbox 359 823 411 858; x_wconf 80' lang='grc' dir='ltr'>π’ῦρ</span> <span class='ocrx_word' id='word_1_115' title='bbox 433 819 528 854; x_wconf 81' lang='grc' dir='ltr'>πνέων,</span> <span class='ocrx_word' id='word_1_116' title='bbox 549 819 594 847; x_wconf 82' lang='grc' dir='ltr'>καὶ</span> <span class='ocrx_word' id='word_1_117' title='bbox 615 819 703 858; x_wconf 66' lang='grc' dir='ltr'>ψυχὴν</span> <span class='ocrx_word' id='word_1_118' title='bbox 722 819 777 858; x_wconf 78' lang='grc' dir='ltr'>ἔχει</span> <span class='ocrx_word' id='word_1_119' title='bbox 791 832 850 858; x_wconf 93' lang='grc' dir='ltr'>γεν-</span> 
     </span>
     <span class='ocr_line' id='line_1_16' title="bbox 83 863 853 905; baseline 0.005 -14"><span class='ocrx_word' id='word_1_120' title='bbox 83 863 170 899; x_wconf 81' lang='grc' dir='ltr'>ναίαν,</span> <span class='ocrx_word' id='word_1_121' title='bbox 207 865 251 893; x_wconf 80' lang='grc' dir='ltr'>καὶ</span> <span class='ocrx_word' id='word_1_122' title='bbox 275 865 380 894; x_wconf 79' lang='grc' dir='ltr'>πάντων</span> <span class='ocrx_word' id='word_1_123' title='bbox 405 865 603 903; x_wconf 72' lang='grc' dir='ltr'>ἐξανιστάμενος</span> <span class='ocrx_word' id='word_1_124' title='bbox 630 865 725 905; x_wconf 71' lang='grc' dir='ltr'>ῥᾳδίως</span> <span class='ocrx_word' id='word_1_125' title='bbox 748 866 853 895; x_wconf 79' lang='grc' dir='ltr'>ἅπαντα</span> 
     </span>
    </p>
   </div>
   <div class='ocr_carea' id='block_1_5' title="bbox 537 591 852 630">
    <p class='ocr_par' dir='ltr' id='par_1_5' title="bbox 537 591 852 630">
     <span class='ocr_line' id='line_1_17' title="bbox 537 591 852 630; baseline 0.003 -11"><span class='ocrx_word' id='word_1_126' title='bbox 537 591 685 620; x_wconf 79' lang='grc' dir='ltr'>Δέδοικε-ν</span> <span class='ocrx_word' id='word_1_127' title='bbox 676 592 722 621; x_wconf 83' lang='grc' dir='ltr'>υπὲ</span> <span class='ocrx_word' id='word_1_128' title='bbox 727 604 741 630; x_wconf 91' lang='grc' dir='ltr'>ρ</span> <span class='ocrx_word' id='word_1_129' title='bbox 760 593 852 629; x_wconf 82' lang='grc' dir='ltr'>οἰκίας,</span> 
     </span>
    </p>
   </div>
   <div class='ocr_carea' id='block_1_6' title="bbox 81 910 852 1640">
    <p class='ocr_par' dir='ltr' id='par_1_6' title="bbox 81 910 852 1640">
     <span class='ocr_line' id='line_1_18' title="bbox 83 910 851 950; baseline 0.004 -12"><span class='ocrx_word' id='word_1_130' title='bbox 83 910 194 948; x_wconf 75' lang='grc' dir='ltr'>πράττει</span> <span class='ocrx_word' id='word_1_131' title='bbox 211 910 244 939; x_wconf 81' lang='grc' dir='ltr'>τὰ</span> <span class='ocrx_word' id='word_1_132' title='bbox 266 911 397 950; x_wconf 74' lang='grc' dir='ltr'>δυνάμενα</span> <span class='ocrx_word' id='word_1_133' title='bbox 414 911 460 944; x_wconf 80' lang='grc' dir='ltr'>τὰς</span> <span class='ocrx_word' id='word_1_134' title='bbox 483 910 644 947; x_wconf 78' lang='grc' dir='ltr'>Ἐκκλησίας</span> <span class='ocrx_word' id='word_1_135' title='bbox 662 912 782 950; x_wconf 68' lang='grc' dir='ltr'>ὠφελεῖν,</span> <span class='ocrx_word' id='word_1_136' title='bbox 805 912 851 941; x_wconf 76' lang='grc' dir='ltr'>κᾶν</span> 
     </span>
     <span class='ocr_line' id='line_1_19' title="bbox 84 956 851 996; baseline 0.001 -11"><span class='ocrx_word' id='word_1_137' title='bbox 84 956 184 994; x_wconf 78' lang='grc' dir='ltr'>ἐλέγξαι</span> <span class='ocrx_word' id='word_1_138' title='bbox 203 957 265 996; x_wconf 81' lang='grc' dir='ltr'>δέῃ,</span> <span class='ocrx_word' id='word_1_139' title='bbox 292 957 340 985; x_wconf 79' lang='grc' dir='ltr'>κᾶν</span> <span class='ocrx_word' id='word_1_140' title='bbox 360 959 529 996; x_wconf 75' lang='grc' dir='ltr'>ἐπιτιμῆσαι,</span> <span class='ocrx_word' id='word_1_141' title='bbox 553 957 601 986; x_wconf 84' lang='grc' dir='ltr'>κᾶν</span> <span class='ocrx_word' id='word_1_142' title='bbox 627 957 721 996; x_wconf 87' lang='grc' dir='ltr'>μυρίας</span> <span class='ocrx_word' id='word_1_143' title='bbox 741 958 784 986; x_wconf 84' lang='grc' dir='ltr'>διὰ</span> <span class='ocrx_word' id='word_1_144' title='bbox 808 960 851 987; x_wconf 82' lang='grc' dir='ltr'>τὸν</span> 
     </span>
     <span class='ocr_line' id='line_1_20' title="bbox 84 1003 852 1042; baseline 0.004 -12"><span class='ocrx_word' id='word_1_145' title='bbox 84 1003 197 1042; x_wconf 83' lang='grc' dir='ltr'>Χριστὸν</span> <span class='ocrx_word' id='word_1_146' title='bbox 222 1003 394 1036; x_wconf 77' lang='grc' dir='ltr'>ἀναδέξασθαι</span> <span class='ocrx_word' id='word_1_147' title='bbox 417 1003 574 1042; x_wconf 71' lang='grc' dir='ltr'>ἐπαχθείας·</span> <span class='ocrx_word' id='word_1_148' title='bbox 600 1003 645 1032; x_wconf 69' lang='grc' dir='ltr'>καὶ</span> <span class='ocrx_word' id='word_1_149' title='bbox 663 1003 753 1039; x_wconf 81' lang='grc' dir='ltr'>ἐπειδὴ</span> <span class='ocrx_word' id='word_1_150' title='bbox 782 1004 852 1037; x_wconf 84' lang='grc' dir='ltr'>ἅπαξ</span> 
     </span>
     <span class='ocr_line' id='line_1_21' title="bbox 84 1049 852 1088; baseline 0.001 -11"><span class='ocrx_word' id='word_1_151' title='bbox 84 1049 131 1082; x_wconf 78' lang='grc' dir='ltr'>τῆς</span> <span class='ocrx_word' id='word_1_152' title='bbox 146 1049 213 1083; x_wconf 78' lang='grc' dir='ltr'>ζωῆς</span> <span class='ocrx_word' id='word_1_153' title='bbox 235 1050 354 1088; x_wconf 79' lang='grc' dir='ltr'>ὑπερεῖδε</span> <span class='ocrx_word' id='word_1_154' title='bbox 373 1052 420 1084; x_wconf 76' lang='grc' dir='ltr'>τῆς</span> <span class='ocrx_word' id='word_1_155' title='bbox 433 1049 583 1088; x_wconf 77' lang='grc' dir='ltr'>παρούσης,</span> <span class='ocrx_word' id='word_1_156' title='bbox 598 1049 685 1078; x_wconf 84' lang='grc' dir='ltr'>πάντα</span> <span class='ocrx_word' id='word_1_157' title='bbox 698 1050 792 1088; x_wconf 75' lang='grc' dir='ltr'>ῥᾳδίως</span> <span class='ocrx_word' id='word_1_158' title='bbox 807 1050 852 1078; x_wconf 81' lang='grc' dir='ltr'>καὶ</span> 
     </span>
     <span class='ocr_line' id='line_1_22' title="bbox 86 1093 851 1133; baseline 0.003 -11"><span class='ocrx_word' id='word_1_159' title='bbox 86 1093 153 1131; x_wconf 83' lang='grc' dir='ltr'>μετὰ</span> <span class='ocrx_word' id='word_1_160' title='bbox 163 1095 261 1129; x_wconf 77' lang='grc' dir='ltr'>πολλῆς</span> <span class='ocrx_word' id='word_1_161' title='bbox 273 1099 341 1123; x_wconf 85' lang='grc' dir='ltr'>ποιεῖ</span> <span class='ocrx_word' id='word_1_162' title='bbox 355 1097 401 1129; x_wconf 66' lang='grc' dir='ltr'>τῆς</span> <span class='ocrx_word' id='word_1_163' title='bbox 413 1095 540 1127; x_wconf 80' lang='grc' dir='ltr'>εὐκολίας.</span> <span class='ocrx_word' id='word_1_164' title='bbox 554 1095 589 1123; x_wconf 85' lang='grc' dir='ltr'>Τί</span> <span class='ocrx_word' id='word_1_165' title='bbox 604 1095 655 1133; x_wconf 77' lang='grc' dir='ltr'>γὰρ</span> <span class='ocrx_word' id='word_1_166' title='bbox 671 1095 715 1123; x_wconf 70' lang='grc' dir='ltr'>καὶ</span> <span class='ocrx_word' id='word_1_167' title='bbox 728 1096 851 1130; x_wconf 78' lang='grc' dir='ltr'>δέδοικεν,</span> 
     </span>
     <span class='ocr_line' id='line_1_23' title="bbox 85 1139 850 1179; baseline 0.003 -12"><span class='ocrx_word' id='word_1_168' title='bbox 85 1139 143 1168; x_wconf 80' lang='grc' dir='ltr'>εἰπέ</span> <span class='ocrx_word' id='word_1_169' title='bbox 153 1151 212 1176; x_wconf 70' lang='grc' dir='ltr'>μοι,</span> <span class='ocrx_word' id='word_1_170' title='bbox 230 1140 273 1174; x_wconf 83' lang='grc' dir='ltr'>Μή</span> <span class='ocrx_word' id='word_1_171' title='bbox 287 1152 326 1172; x_wconf 87' lang='grc' dir='ltr'>τις</span> <span class='ocrx_word' id='word_1_172' title='bbox 342 1141 420 1169; x_wconf 82' lang='grc' dir='ltr'>αὐτοῦ</span> <span class='ocrx_word' id='word_1_173' title='bbox 431 1140 464 1168; x_wconf 79' lang='grc' dir='ltr'>τὰ</span> <span class='ocrx_word' id='word_1_174' title='bbox 477 1141 604 1179; x_wconf 74' lang='grc' dir='ltr'>χρήματα</span> <span class='ocrx_word' id='word_1_175' title='bbox 618 1140 766 1179; x_wconf 58' lang='grc' dir='ltr'>ἀφέληται,</span> <span class='ocrx_word' id='word_1_176' title='bbox 783 1141 850 1169; x_wconf 75' lang='grc' dir='ltr'>Ἀλλ’</span> 
     </span>
     <span class='ocr_line' id='line_1_24' title="bbox 85 1185 850 1224; baseline 0.003 -11"><span class='ocrx_word' id='word_1_177' title='bbox 85 1187 131 1214; x_wconf 82' lang='grc' dir='ltr'>οὐκ</span> <span class='ocrx_word' id='word_1_178' title='bbox 140 1185 196 1213; x_wconf 83' lang='grc' dir='ltr'>ἔστι</span> <span class='ocrx_word' id='word_1_179' title='bbox 206 1188 282 1214; x_wconf 77' lang='grc' dir='ltr'>τοῦτο</span> <span class='ocrx_word' id='word_1_180' title='bbox 294 1187 386 1214; x_wconf 85' lang='grc' dir='ltr'>εἰπεῖν.</span> <span class='ocrx_word' id='word_1_181' title='bbox 407 1185 484 1214; x_wconf 75' lang='grc' dir='ltr'>Ἀλλὰ</span> <span class='ocrx_word' id='word_1_182' title='bbox 497 1185 533 1223; x_wconf 83' lang='grc' dir='ltr'>μὴ</span> <span class='ocrx_word' id='word_1_183' title='bbox 546 1187 592 1219; x_wconf 77' lang='grc' dir='ltr'>τῆς</span> <span class='ocrx_word' id='word_1_184' title='bbox 603 1186 727 1224; x_wconf 75' lang='grc' dir='ltr'>πατρίδος</span> <span class='ocrx_word' id='word_1_185' title='bbox 739 1187 850 1224; x_wconf 59' lang='grc' dir='ltr'>ἐκπέσῃ</span> 
     </span>
     <span class='ocr_line' id='line_1_25' title="bbox 84 1231 851 1271; baseline 0.001 -11"><span class='ocrx_word' id='word_1_186' title='bbox 84 1231 164 1260; x_wconf 81' lang='grc' dir='ltr'>Ἀλλὰ</span> <span class='ocrx_word' id='word_1_187' title='bbox 178 1236 270 1260; x_wconf 79' lang='grc' dir='ltr'>“πᾶσα</span> <span class='ocrx_word' id='word_1_188' title='bbox 284 1234 299 1266; x_wconf 90' lang='grc' dir='ltr'>ἡ</span> <span class='ocrx_word' id='word_1_189' title='bbox 315 1234 359 1260; x_wconf 80' lang='grc' dir='ltr'>ὑπ’</span> <span class='ocrx_word' id='word_1_190' title='bbox 376 1232 484 1271; x_wconf 76' lang='grc' dir='ltr'>οὐρανὸν</span> <span class='ocrx_word' id='word_1_191' title='bbox 499 1232 572 1263; x_wconf 84' lang='grc' dir='ltr'>πόλις</span> <span class='ocrx_word' id='word_1_192' title='bbox 589 1232 658 1271; x_wconf 79' lang='grc' dir='ltr'>αὐτῷ</span> <span class='ocrx_word' id='word_1_193' title='bbox 674 1234 753 1261; x_wconf 79' lang='grc' dir='ltr'>ἐστιν.</span> <span class='ocrx_word' id='word_1_194' title='bbox 773 1232 851 1262; x_wconf 74' lang='grc' dir='ltr'>Ἀλλὰ</span> 
     </span>
     <span class='ocr_line' id='line_1_26' title="bbox 84 1277 849 1318; baseline 0.001 -12"><span class='ocrx_word' id='word_1_195' title='bbox 84 1277 121 1316; x_wconf 82' lang='grc' dir='ltr'>μὴ</span> <span class='ocrx_word' id='word_1_196' title='bbox 142 1280 188 1312; x_wconf 68' lang='grc' dir='ltr'>τῆς</span> <span class='ocrx_word' id='word_1_197' title='bbox 210 1280 308 1317; x_wconf 78' lang='grc' dir='ltr'>τρυφῆς</span> <span class='ocrx_word' id='word_1_198' title='bbox 324 1277 399 1306; x_wconf 80' lang='grc' dir='ltr'>αὐτόν</span> <span class='ocrx_word' id='word_1_199' title='bbox 417 1289 455 1311; x_wconf 86' lang='grc' dir='ltr'>τις</span> <span class='ocrx_word' id='word_1_200' title='bbox 469 1277 599 1317; x_wconf 70' lang='grc' dir='ltr'>περικόψῃ</span> <span class='ocrx_word' id='word_1_201' title='bbox 621 1278 665 1306; x_wconf 83' lang='grc' dir='ltr'>καὶ</span> <span class='ocrx_word' id='word_1_202' title='bbox 681 1280 728 1312; x_wconf 73' lang='grc' dir='ltr'>τῆς</span> <span class='ocrx_word' id='word_1_203' title='bbox 741 1279 849 1318; x_wconf 70' lang='grc' dir='ltr'>δορυφο-</span> 
     </span>
     <span class='ocr_line' id='line_1_27' title="bbox 84 1323 849 1363; baseline 0.001 -11"><span class='ocrx_word' id='word_1_204' title='bbox 84 1323 153 1363; x_wconf 87' lang='grc' dir='ltr'>ρίας;</span> <span class='ocrx_word' id='word_1_205' title='bbox 168 1324 246 1353; x_wconf 76' lang='grc' dir='ltr'>Ἀλλὰ</span> <span class='ocrx_word' id='word_1_206' title='bbox 261 1324 305 1352; x_wconf 79' lang='grc' dir='ltr'>καὶ</span> <span class='ocrx_word' id='word_1_207' title='bbox 323 1323 421 1356; x_wconf 77' lang='grc' dir='ltr'>τούτοις</span> <span class='ocrx_word' id='word_1_208' title='bbox 441 1323 523 1352; x_wconf 86' lang='grc' dir='ltr'>ἅπασι</span> <span class='ocrx_word' id='word_1_209' title='bbox 539 1324 640 1362; x_wconf 73' lang='grc' dir='ltr'>χαίρειν</span> <span class='ocrx_word' id='word_1_210' title='bbox 654 1323 747 1358; x_wconf 77' lang='grc' dir='ltr'>εἰπὼν,</span> <span class='ocrx_word' id='word_1_211' title='bbox 767 1326 794 1352; x_wconf 81' lang='grc' dir='ltr'>ἐν</span> <span class='ocrx_word' id='word_1_212' title='bbox 808 1326 849 1353; x_wconf 80' lang='grc' dir='ltr'>οὐ·</span> 
     </span>
     <span class='ocr_line' id='line_1_28' title="bbox 84 1369 849 1410; baseline -0.001 -12"><span class='ocrx_word' id='word_1_213' title='bbox 84 1382 153 1410; x_wconf 83' lang='grc' dir='ltr'>ρανυ</span> <span class='ocrx_word' id='word_1_214' title='bbox 167 1369 349 1406; x_wconf 84' lang='grc' dir='ltr'>πολιτευεται,</span> <span class='ocrx_word' id='word_1_215' title='bbox 362 1370 428 1398; x_wconf 83' lang='grc' dir='ltr'>καὶ</span> <span class='ocrx_word' id='word_1_216' title='bbox 420 1369 484 1409; x_wconf 83' lang='grc' dir='ltr'>πρὸς</span> <span class='ocrx_word' id='word_1_217' title='bbox 496 1369 542 1404; x_wconf 80' lang='grc' dir='ltr'>τὴν</span> <span class='ocrx_word' id='word_1_218' title='bbox 556 1369 727 1407; x_wconf 82' lang='grc' dir='ltr'>μέλλουσαν</span> <span class='ocrx_word' id='word_1_219' title='bbox 716 1369 849 1408; x_wconf 83' lang='grc' dir='ltr'>επείγεται</span> 
     </span>
     <span class='ocr_line' id='line_1_29' title="bbox 83 1415 851 1456; baseline 0.001 -12"><span class='ocrx_word' id='word_1_220' title='bbox 83 1417 160 1452; x_wconf 83' lang='grc' dir='ltr'>ζωήν.</span> <span class='ocrx_word' id='word_1_221' title='bbox 189 1416 244 1446; x_wconf 78' lang='grc' dir='ltr'>Κᾶν</span> <span class='ocrx_word' id='word_1_222' title='bbox 261 1415 338 1452; x_wconf 78' lang='grc' dir='ltr'>αὐτὴν</span> <span class='ocrx_word' id='word_1_223' title='bbox 361 1417 496 1444; x_wconf 77' lang='grc' dir='ltr'>ἐπιδοῦναι</span> <span class='ocrx_word' id='word_1_224' title='bbox 517 1417 562 1454; x_wconf 82' lang='grc' dir='ltr'>δέῃ</span> <span class='ocrx_word' id='word_1_225' title='bbox 584 1427 631 1451; x_wconf 63' lang='grc' dir='ltr'>τιν</span> <span class='ocrx_word' id='word_1_226' title='bbox 646 1416 742 1456; x_wconf 74' lang='grc' dir='ltr'>ψυχην,</span> <span class='ocrx_word' id='word_1_227' title='bbox 757 1417 802 1444; x_wconf 88' lang='grc' dir='ltr'>καὶ</span> <span class='ocrx_word' id='word_1_228' title='bbox 820 1416 851 1445; x_wconf 86' lang='grc' dir='ltr'>τὸ</span> 
     </span>
     <span class='ocr_line' id='line_1_30' title="bbox 674 1462 850 1492; baseline -0.006 -0.952"><span class='ocrx_word' id='word_1_229' title='bbox 674 1462 809 1491; x_wconf 77' lang='grc' dir='ltr'>Εντεῧῡεν</span> <span class='ocrx_word' id='word_1_230' title='bbox 837 1465 850 1492; x_wconf 84' lang='grc' dir='ltr'>ὁ</span> 
     </span>
     <span class='ocr_line' id='line_1_31' title="bbox 81 1509 849 1548; baseline 0.001 -11"><span class='ocrx_word' id='word_1_231' title='bbox 81 1511 196 1541; x_wconf 73' lang='grc' dir='ltr'>τοιοῦτος</span> <span class='ocrx_word' id='word_1_232' title='bbox 217 1509 262 1536; x_wconf 83' lang='grc' dir='ltr'>καὶ</span> <span class='ocrx_word' id='word_1_233' title='bbox 286 1509 427 1548; x_wconf 80' lang='grc' dir='ltr'>τυράννων,</span> <span class='ocrx_word' id='word_1_234' title='bbox 452 1509 497 1536; x_wconf 84' lang='grc' dir='ltr'>και</span> <span class='ocrx_word' id='word_1_235' title='bbox 519 1509 658 1547; x_wconf 83' lang='grc' dir='ltr'>βασιλέων,</span> <span class='ocrx_word' id='word_1_236' title='bbox 680 1509 724 1538; x_wconf 79' lang='grc' dir='ltr'>καὶ</span> <span class='ocrx_word' id='word_1_237' title='bbox 748 1509 849 1548; x_wconf 78' lang='grc' dir='ltr'>δήμων,</span> 
     </span>
     <span class='ocr_line' id='line_1_32' title="bbox 82 1553 847 1595; baseline 0.001 -13"><span class='ocrx_word' id='word_1_238' title='bbox 82 1553 126 1582; x_wconf 79' lang='grc' dir='ltr'>καὶ</span> <span class='ocrx_word' id='word_1_239' title='bbox 149 1554 254 1582; x_wconf 83' lang='grc' dir='ltr'>πάντων</span> <span class='ocrx_word' id='word_1_240' title='bbox 279 1554 334 1583; x_wconf 81' lang='grc' dir='ltr'>ἐστὶ</span> <span class='ocrx_word' id='word_1_241' title='bbox 357 1554 532 1594; x_wconf 74' lang='grc' dir='ltr'>δυνατώτερος</span> <span class='ocrx_word' id='word_1_242' title='bbox 555 1566 583 1583; x_wconf 85' lang='grc' dir='ltr'>τε</span> <span class='ocrx_word' id='word_1_243' title='bbox 600 1555 645 1583; x_wconf 77' lang='grc' dir='ltr'>καὶ</span> <span class='ocrx_word' id='word_1_244' title='bbox 662 1555 847 1595; x_wconf 80' lang='grc' dir='ltr'>εὐπορώτερος.</span> 
     </span>
     <span class='ocr_line' id='line_1_33' title="bbox 82 1599 845 1640; baseline 0.003 -12"><span class='ocrx_word' id='word_1_245' title='bbox 82 1599 134 1628; x_wconf 78' lang='grc' dir='ltr'>Καὶ</span> <span class='ocrx_word' id='word_1_246' title='bbox 157 1599 198 1628; x_wconf 78' lang='grc' dir='ltr'>ἵνα</span> <span class='ocrx_word' id='word_1_247' title='bbox 221 1599 306 1638; x_wconf 75' lang='grc' dir='ltr'>μάθῃς</span> <span class='ocrx_word' id='word_1_248' title='bbox 327 1600 367 1629; x_wconf 79' lang='grc' dir='ltr'>ὅτι</span> <span class='ocrx_word' id='word_1_249' title='bbox 386 1601 414 1628; x_wconf 78' lang='grc' dir='ltr'>οὗ</span> <span class='ocrx_word' id='word_1_250' title='bbox 439 1601 564 1630; x_wconf 80' lang='grc' dir='ltr'>κολακεία</span> <span class='ocrx_word' id='word_1_251' title='bbox 580 1601 771 1640; x_wconf 73' lang='grc' dir='ltr'>τὸλεγόμενον,</span> <span class='ocrx_word' id='word_1_252' title='bbox 788 1602 845 1630; x_wconf 83' lang='grc' dir='ltr'>ἀλλ’</span> 
     </span>
    </p>
   </div>
   <div class='ocr_carea' id='block_1_7' title="bbox 83 1463 635 1501">
    <p class='ocr_par' dir='ltr' id='par_1_7' title="bbox 83 1463 635 1501">
     <span class='ocr_line' id='line_1_34' title="bbox 83 1463 635 1501; baseline -0.002 -10"><span class='ocrx_word' id='word_1_253' title='bbox 83 1473 149 1500; x_wconf 67' lang='lat' dir='ltr'>&amp;ly-(1</span> <span class='ocrx_word' id='word_1_254' title='bbox 182 1464 345 1501; x_wconf 53' lang='grc' dir='ltr'>ἐσενεγκεῖν,</span> <span class='ocrx_word' id='word_1_255' title='bbox 373 1463 401 1491; x_wconf 76' lang='grc' dir='ltr'>Οὐ</span> <span class='ocrx_word' id='word_1_256' title='bbox 433 1473 635 1500; x_wconf 64' lang='grc' dir='ltr'>παραιτησεταῑ.</span> 
     </span>
    </p>
   </div>
   <div class='ocr_carea' id='block_1_8' title="bbox 74 1644 847 2509">
    <p class='ocr_par' dir='ltr' id='par_1_8' title="bbox 74 1644 847 2509">
     <span class='ocr_line' id='line_1_35' title="bbox 81 1644 847 1686; baseline 0.003 -12"><span class='ocrx_word' id='word_1_257' title='bbox 81 1647 184 1682; x_wconf 82' lang='grc' dir='ltr'>ἀληθῶς</span> <span class='ocrx_word' id='word_1_258' title='bbox 198 1668 204 1682; x_wconf 90' lang='grc'>,</span> <span class='ocrx_word' id='word_1_259' title='bbox 221 1647 244 1675; x_wconf 77' lang='grc' dir='ltr'>οἳ</span> <span class='ocrx_word' id='word_1_260' title='bbox 257 1646 337 1684; x_wconf 78' lang='grc' dir='ltr'>μηδὲν</span> <span class='ocrx_word' id='word_1_261' title='bbox 348 1647 516 1684; x_wconf 77' lang='grc' dir='ltr'>κεκτημένοι,</span> <span class='ocrx_word' id='word_1_262' title='bbox 531 1644 600 1677; x_wconf 63' lang='grc' dir='ltr'>οὗτοι</span> <span class='ocrx_word' id='word_1_263' title='bbox 614 1649 729 1686; x_wconf 82' lang='grc' dir='ltr'>μάλιστα</span> <span class='ocrx_word' id='word_1_264' title='bbox 741 1648 847 1678; x_wconf 77' lang='grc' dir='ltr'>πάντων</span> 
     </span>
     <span class='ocr_line' id='line_1_36' title="bbox 80 1693 846 1732; baseline 0.004 -12"><span class='ocrx_word' id='word_1_265' title='bbox 80 1693 303 1732; x_wconf 80' lang='grc' dir='ltr'>ἒλευθεροστομεῖν</span> <span class='ocrx_word' id='word_1_266' title='bbox 330 1694 442 1722; x_wconf 80' lang='grc' dir='ltr'>δύναιντ’</span> <span class='ocrx_word' id='word_1_267' title='bbox 472 1694 512 1730; x_wconf 79' lang='grc' dir='ltr'>ἂν,</span> <span class='ocrx_word' id='word_1_268' title='bbox 535 1694 612 1723; x_wconf 84' lang='grc' dir='ltr'>πόσοι</span> <span class='ocrx_word' id='word_1_269' title='bbox 636 1695 756 1724; x_wconf 79' lang='grc' dir='ltr'>πλούσιοι</span> <span class='ocrx_word' id='word_1_270' title='bbox 779 1694 846 1723; x_wconf 79' lang='grc' dir='ltr'>κατὰ</span> 
     </span>
     <span class='ocr_line' id='line_1_37' title="bbox 79 1734 846 1779; baseline 0.005 -14"><span class='ocrx_word' id='word_1_271' title='bbox 79 1737 123 1766; x_wconf 85' lang='grc' dir='ltr'>τὸν</span> <span class='ocrx_word' id='word_1_272' title='bbox 147 1738 237 1777; x_wconf 85' lang='grc' dir='ltr'>καιρὸν</span> <span class='ocrx_word' id='word_1_273' title='bbox 261 1734 328 1773; x_wconf 64' lang='grc' dir='ltr'>ἦσαν</span> <span class='ocrx_word' id='word_1_274' title='bbox 341 1739 460 1779; x_wconf 76' lang='grc' dir='ltr'>ἹΙρώὸου</span> <span class='ocrx_word' id='word_1_275' title='bbox 473 1752 480 1775; x_wconf 87' lang='lat'>;</span> <span class='ocrx_word' id='word_1_276' title='bbox 498 1740 574 1769; x_wconf 88' lang='grc' dir='ltr'>πόσοι</span> <span class='ocrx_word' id='word_1_277' title='bbox 588 1740 728 1776; x_wconf 60' lang='grc' dir='ltr'>δυνάσται,</span> <span class='ocrx_word' id='word_1_278' title='bbox 742 1740 782 1772; x_wconf 83' lang='grc' dir='ltr'>τίς</span> <span class='ocrx_word' id='word_1_279' title='bbox 793 1753 846 1769; x_wconf 88' lang='grc' dir='ltr'>πα-</span> 
     </span>
     <span class='ocr_line' id='line_1_38' title="bbox 80 1784 847 1826; baseline 0.005 -15"><span class='ocrx_word' id='word_1_280' title='bbox 80 1784 172 1821; x_wconf 77' lang='grc' dir='ltr'>ρῆλθεν</span> <span class='ocrx_word' id='word_1_281' title='bbox 197 1785 232 1816; x_wconf 86' lang='grc' dir='ltr'>εἷς</span> <span class='ocrx_word' id='word_1_282' title='bbox 253 1784 341 1822; x_wconf 85' lang='grc' dir='ltr'>μέσον,</span> <span class='ocrx_word' id='word_1_283' title='bbox 362 1785 400 1818; x_wconf 83' lang='grc' dir='ltr'>τίς</span> <span class='ocrx_word' id='word_1_284' title='bbox 426 1786 570 1824; x_wconf 81' lang='grc' dir='ltr'>ἐπετίμησε</span> <span class='ocrx_word' id='word_1_285' title='bbox 588 1788 626 1825; x_wconf 79' lang='grc' dir='ltr'>τῷ</span> <span class='ocrx_word' id='word_1_286' title='bbox 647 1786 782 1826; x_wconf 83' lang='grc' dir='ltr'>τυράννῳ;</span> <span class='ocrx_word' id='word_1_287' title='bbox 808 1786 847 1819; x_wconf 83' lang='grc' dir='ltr'>τίς</span> 
     </span>
     <span class='ocr_line' id='line_1_39' title="bbox 78 1829 844 1871; baseline 0.005 -14"><span class='ocrx_word' id='word_1_288' title='bbox 78 1829 174 1867; x_wconf 76' lang='grc' dir='ltr'>ἤμυνεν</span> <span class='ocrx_word' id='word_1_289' title='bbox 197 1831 376 1869; x_wconf 80' lang='grc' dir='ltr'>ἀδικουμένοις</span> <span class='ocrx_word' id='word_1_290' title='bbox 391 1836 444 1864; x_wconf 84' lang='grc' dir='ltr'>τοῖς</span> <span class='ocrx_word' id='word_1_291' title='bbox 457 1835 502 1860; x_wconf 82' lang='grc' dir='ltr'>τοῦ</span> <span class='ocrx_word' id='word_1_292' title='bbox 515 1834 584 1861; x_wconf 76' lang='grc' dir='ltr'>Θεοῦ</span> <span class='ocrx_word' id='word_1_293' title='bbox 597 1832 701 1871; x_wconf 84' lang='grc' dir='ltr'>νόμοις;</span> <span class='ocrx_word' id='word_1_294' title='bbox 719 1834 781 1862; x_wconf 84' lang='grc' dir='ltr'>Τῶν</span> <span class='ocrx_word' id='word_1_295' title='bbox 798 1832 844 1870; x_wconf 83' lang='grc' dir='ltr'>μὲν</span> 
     </span>
     <span class='ocr_line' id='line_1_40' title="bbox 77 1875 844 1918; baseline 0.007 -16"><span class='ocrx_word' id='word_1_296' title='bbox 77 1875 194 1914; x_wconf 79' lang='grc' dir='ltr'>εὐπόρων</span> <span class='ocrx_word' id='word_1_297' title='bbox 205 1876 285 1908; x_wconf 81' lang='grc' dir='ltr'>οὐδείς</span> <span class='ocrx_word' id='word_1_298' title='bbox 294 1888 300 1894; x_wconf 92' lang='grc'><em>·</em></span> <span class='ocrx_word' id='word_1_299' title='bbox 313 1879 326 1905; x_wconf 81' lang='grc' dir='ltr'>ὁ</span> <span class='ocrx_word' id='word_1_300' title='bbox 337 1877 364 1906; x_wconf 80' lang='grc' dir='ltr'>δὲ</span> <span class='ocrx_word' id='word_1_301' title='bbox 377 1877 456 1913; x_wconf 80' lang='grc' dir='ltr'>πένης</span> <span class='ocrx_word' id='word_1_302' title='bbox 466 1878 510 1907; x_wconf 82' lang='grc' dir='ltr'>καὶ</span> <span class='ocrx_word' id='word_1_303' title='bbox 525 1879 631 1918; x_wconf 73' lang='grc' dir='ltr'>πτωχὸς</span> <span class='ocrx_word' id='word_1_304' title='bbox 643 1901 650 1914; x_wconf 94' lang='grc'>,</span> <span class='ocrx_word' id='word_1_305' title='bbox 665 1881 678 1906; x_wconf 86' lang='grc' dir='ltr'>ὁ</span> <span class='ocrx_word' id='word_1_306' title='bbox 693 1878 729 1916; x_wconf 82' lang='grc' dir='ltr'>μὴ</span> <span class='ocrx_word' id='word_1_307' title='bbox 745 1878 844 1914; x_wconf 84' lang='grc' dir='ltr'>κλίνην,</span> 
     </span>
     <span class='ocr_line' id='line_1_41' title="bbox 79 1920 844 1963; baseline 0.007 -15"><span class='ocrx_word' id='word_1_308' title='bbox 79 1920 146 1958; x_wconf 81' lang='grc' dir='ltr'>μήτε</span> <span class='ocrx_word' id='word_1_309' title='bbox 166 1921 307 1960; x_wconf 82' lang='grc' dir='ltr'>τράπεζαν,</span> <span class='ocrx_word' id='word_1_310' title='bbox 333 1923 401 1960; x_wconf 81' lang='grc' dir='ltr'>μήτε</span> <span class='ocrx_word' id='word_1_311' title='bbox 423 1924 517 1962; x_wconf 81' lang='grc' dir='ltr'>στέγην</span> <span class='ocrx_word' id='word_1_312' title='bbox 544 1925 623 1963; x_wconf 59' lang='grc' dir='ltr'>ἔχων,</span> <span class='ocrx_word' id='word_1_313' title='bbox 649 1926 662 1953; x_wconf 84' lang='grc' dir='ltr'>ὁ</span> <span class='ocrx_word' id='word_1_314' title='bbox 684 1926 731 1959; x_wconf 72' lang='grc' dir='ltr'>τῆς</span> <span class='ocrx_word' id='word_1_315' title='bbox 745 1925 844 1963; x_wconf 72' lang='grc' dir='ltr'>ἐρήμου</span> 
     </span>
     <span class='ocr_line' id='line_1_42' title="bbox 77 1965 845 2010; baseline 0.007 -16"><span class='ocrx_word' id='word_1_316' title='bbox 77 1966 186 2002; x_wconf 81' lang='grc' dir='ltr'>πολίτης</span> <span class='ocrx_word' id='word_1_317' title='bbox 210 1968 352 2003; x_wconf 78' lang='grc' dir='ltr'>Ἰωάννης,</span> <span class='ocrx_word' id='word_1_318' title='bbox 379 1965 452 2002; x_wconf 60' lang='grc' dir='ltr'>οὗτος</span> <span class='ocrx_word' id='word_1_319' title='bbox 477 1970 553 2007; x_wconf 82' lang='grc' dir='ltr'>μόνος</span> <span class='ocrx_word' id='word_1_320' title='bbox 580 1970 625 1999; x_wconf 76' lang='grc' dir='ltr'>καὶ</span> <span class='ocrx_word' id='word_1_321' title='bbox 650 1973 754 2010; x_wconf 78' lang='grc' dir='ltr'>πρῶτος</span> <span class='ocrx_word' id='word_1_322' title='bbox 778 1970 845 2008; x_wconf 85' lang='grc' dir='ltr'>μετὰ</span> 
     </span>
     <span class='ocr_line' id='line_1_43' title="bbox 76 2012 845 2054; baseline 0.005 -14"><span class='ocrx_word' id='word_1_323' title='bbox 76 2012 226 2051; x_wconf 75' lang='grc' dir='ltr'>παρρησίας</span> <span class='ocrx_word' id='word_1_324' title='bbox 247 2014 352 2049; x_wconf 86' lang='grc' dir='ltr'>ἁπάσης</span> <span class='ocrx_word' id='word_1_325' title='bbox 372 2015 415 2043; x_wconf 81' lang='grc' dir='ltr'>τὸν</span> <span class='ocrx_word' id='word_1_326' title='bbox 435 2015 558 2054; x_wconf 82' lang='grc' dir='ltr'>τύραννον</span> <span class='ocrx_word' id='word_1_327' title='bbox 578 2015 694 2054; x_wconf 68' lang='grc' dir='ltr'>ἤλεγχε,</span> <span class='ocrx_word' id='word_1_328' title='bbox 719 2015 764 2044; x_wconf 72' lang='grc' dir='ltr'>καὶ</span> <span class='ocrx_word' id='word_1_329' title='bbox 785 2015 845 2048; x_wconf 58' lang='grc' dir='ltr'>τοὺς</span> 
     </span>
     <span class='ocr_line' id='line_1_44' title="bbox 77 2057 845 2100; baseline 0.005 -16"><span class='ocrx_word' id='word_1_330' title='bbox 77 2057 228 2096; x_wconf 72' lang='grc' dir='ltr'>μοιχαλίους</span> <span class='ocrx_word' id='word_1_331' title='bbox 242 2058 400 2091; x_wconf 76' lang='grc' dir='ltr'>ἐξεκάλυπτε</span> <span class='ocrx_word' id='word_1_332' title='bbox 413 2060 512 2098; x_wconf 84' lang='grc' dir='ltr'>γάμους</span> <span class='ocrx_word' id='word_1_333' title='bbox 523 2083 530 2095; x_wconf 85' lang='grc'>,</span> <span class='ocrx_word' id='word_1_334' title='bbox 548 2060 593 2088; x_wconf 70' lang='grc' dir='ltr'>καὶ</span> <span class='ocrx_word' id='word_1_335' title='bbox 608 2061 745 2100; x_wconf 84' lang='grc' dir='ltr'>παρόντων</span> <span class='ocrx_word' id='word_1_336' title='bbox 761 2061 845 2089; x_wconf 79' lang='grc' dir='ltr'>ἁπάν-</span> 
     </span>
     <span class='ocr_line' id='line_1_45' title="bbox 75 2103 845 2146; baseline 0.005 -15"><span class='ocrx_word' id='word_1_337' title='bbox 75 2114 127 2131; x_wconf 83' lang='grc' dir='ltr'>των</span> <span class='ocrx_word' id='word_1_338' title='bbox 138 2104 183 2132; x_wconf 80' lang='grc' dir='ltr'>καὶ</span> <span class='ocrx_word' id='word_1_339' title='bbox 194 2103 349 2140; x_wconf 78' lang='grc' dir='ltr'>ἀκουόντων,</span> <span class='ocrx_word' id='word_1_340' title='bbox 358 2105 405 2140; x_wconf 88' lang='grc' dir='ltr'>τὴν</span> <span class='ocrx_word' id='word_1_341' title='bbox 413 2106 640 2138; x_wconf 74' lang='grc' dir='ltr'>καταδικάζουσαν</span> <span class='ocrx_word' id='word_1_342' title='bbox 654 2107 730 2135; x_wconf 78' lang='grc' dir='ltr'>αὐτὸν</span> <span class='ocrx_word' id='word_1_343' title='bbox 743 2106 845 2146; x_wconf 74' lang='grc' dir='ltr'>ἐξέφερε</span> 
     </span>
     <span class='ocr_line' id='line_1_46' title="bbox 75 2149 844 2190; baseline 0.004 -13"><span class='ocrx_word' id='word_1_344' title='bbox 75 2149 170 2187; x_wconf 76' lang='grc' dir='ltr'>ψῆφον.</span> <span class='ocrx_word' id='word_1_345' title='bbox 192 2149 246 2178; x_wconf 81' lang='grc' dir='ltr'>Καὶ</span> <span class='ocrx_word' id='word_1_346' title='bbox 269 2150 320 2190; x_wconf 87' lang='grc' dir='ltr'>πρὸ</span> <span class='ocrx_word' id='word_1_347' title='bbox 340 2150 430 2179; x_wconf 79' lang='grc' dir='ltr'>τούτου</span> <span class='ocrx_word' id='word_1_348' title='bbox 454 2151 480 2179; x_wconf 79' lang='grc' dir='ltr'>δὲ</span> <span class='ocrx_word' id='word_1_349' title='bbox 506 2151 586 2179; x_wconf 80' lang='grc' dir='ltr'>πάλιν</span> <span class='ocrx_word' id='word_1_350' title='bbox 606 2154 619 2180; x_wconf 83' lang='grc' dir='ltr'>ὁ</span> <span class='ocrx_word' id='word_1_351' title='bbox 640 2152 721 2190; x_wconf 80' lang='grc' dir='ltr'>μέγας</span> <span class='ocrx_word' id='word_1_352' title='bbox 741 2151 844 2187; x_wconf 78' lang='grc' dir='ltr'>Ἠλίας,</span> 
     </span>
     <span class='ocr_line' id='line_1_47' title="bbox 74 2196 842 2235; baseline 0.007 -13"><span class='ocrx_word' id='word_1_353' title='bbox 74 2196 122 2228; x_wconf 67' lang='grc' dir='ltr'>τῆς</span> <span class='ocrx_word' id='word_1_354' title='bbox 146 2197 271 2232; x_wconf 77' lang='grc' dir='ltr'>μηλωτῆς</span> <span class='ocrx_word' id='word_1_355' title='bbox 296 2196 377 2234; x_wconf 80' lang='grc' dir='ltr'>μηδὲν</span> <span class='ocrx_word' id='word_1_356' title='bbox 400 2197 559 2235; x_wconf 76' lang='grc' dir='ltr'>κεκτημένος</span> <span class='ocrx_word' id='word_1_357' title='bbox 581 2198 668 2233; x_wconf 80' lang='grc' dir='ltr'>πλέον,</span> <span class='ocrx_word' id='word_1_358' title='bbox 692 2198 735 2227; x_wconf 81' lang='grc' dir='ltr'>τὸν</span> <span class='ocrx_word' id='word_1_359' title='bbox 759 2198 842 2233; x_wconf 71' lang='grc' dir='ltr'>ἀσεέἷῆ</span> 
     </span>
     <span class='ocr_line' id='line_1_48' title="bbox 74 2239 844 2282; baseline 0.008 -15"><span class='ocrx_word' id='word_1_360' title='bbox 74 2239 118 2268; x_wconf 78' lang='grc' dir='ltr'>καὶ</span> <span class='ocrx_word' id='word_1_361' title='bbox 142 2241 294 2280; x_wconf 78' lang='grc' dir='ltr'>παράνομον</span> <span class='ocrx_word' id='word_1_362' title='bbox 319 2241 421 2280; x_wconf 46' lang='lat' dir='ltr'>‘Alam</span> <span class='ocrx_word' id='word_1_363' title='bbox 443 2244 540 2272; x_wconf 79' lang='grc' dir='ltr'>ἐκεῖνον</span> <span class='ocrx_word' id='word_1_364' title='bbox 564 2243 640 2281; x_wconf 84' lang='grc' dir='ltr'>μόνος</span> <span class='ocrx_word' id='word_1_365' title='bbox 663 2243 756 2282; x_wconf 79' lang='grc' dir='ltr'>ἤλεγξε</span> <span class='ocrx_word' id='word_1_366' title='bbox 778 2244 844 2282; x_wconf 86' lang='grc' dir='ltr'>μετὰ</span> 
     </span>
     <span class='ocr_line' id='line_1_49' title="bbox 74 2286 843 2329; baseline 0.007 -16"><span class='ocrx_word' id='word_1_367' title='bbox 74 2286 174 2320; x_wconf 77' lang='grc' dir='ltr'>πολλῆς</span> <span class='ocrx_word' id='word_1_368' title='bbox 193 2286 321 2325; x_wconf 83' lang='grc' dir='ltr'>ἀνδρείας.</span> <span class='ocrx_word' id='word_1_369' title='bbox 344 2288 426 2316; x_wconf 77' lang='grc' dir='ltr'>Οὐδὲν</span> <span class='ocrx_word' id='word_1_370' title='bbox 448 2288 498 2327; x_wconf 87' lang='grc' dir='ltr'>γὰρ</span> <span class='ocrx_word' id='word_1_371' title='bbox 521 2288 601 2321; x_wconf 79' lang='grc' dir='ltr'>οὕτως</span> <span class='ocrx_word' id='word_1_372' title='bbox 615 2291 843 2329; x_wconf 77' lang='grc' dir='ltr'>ἐλευθεροστομεῖν</span> 
     </span>
     <span class='ocr_line' id='line_1_50' title="bbox 75 2332 843 2373; baseline 0.007 -14"><span class='ocrx_word' id='word_1_373' title='bbox 75 2332 281 2371; x_wconf 85' lang='grc' dir='ltr'>παρασκευάζει,</span> <span class='ocrx_word' id='word_1_374' title='bbox 311 2333 356 2361; x_wconf 82' lang='grc' dir='ltr'>καὶ</span> <span class='ocrx_word' id='word_1_375' title='bbox 385 2336 486 2373; x_wconf 79' lang='grc' dir='ltr'>Οαῤῥεῖν</span> <span class='ocrx_word' id='word_1_376' title='bbox 512 2336 538 2363; x_wconf 80' lang='grc' dir='ltr'>ἐν</span> <span class='ocrx_word' id='word_1_377' title='bbox 568 2335 653 2363; x_wconf 84' lang='grc' dir='ltr'>ἅπασι</span> <span class='ocrx_word' id='word_1_378' title='bbox 682 2335 766 2364; x_wconf 79' lang='grc' dir='ltr'>πείθει</span> <span class='ocrx_word' id='word_1_379' title='bbox 789 2340 843 2368; x_wconf 87' lang='grc' dir='ltr'>τοῖς</span> 
     </span>
     <span class='ocr_line' id='line_1_51' title="bbox 75 2377 845 2419; baseline 0.006 -15"><span class='ocrx_word' id='word_1_380' title='bbox 75 2377 166 2409; x_wconf 85' lang='grc' dir='ltr'>δεινοῖς</span> <span class='ocrx_word' id='word_1_381' title='bbox 175 2399 182 2412; x_wconf 95' lang='grc'>,</span> <span class='ocrx_word' id='word_1_382' title='bbox 194 2377 238 2406; x_wconf 79' lang='grc' dir='ltr'>καὶ</span> <span class='ocrx_word' id='word_1_383' title='bbox 250 2378 398 2412; x_wconf 85' lang='grc' dir='ltr'>ἀναλώτους</span> <span class='ocrx_word' id='word_1_384' title='bbox 409 2380 546 2419; x_wconf 82' lang='grc' dir='ltr'>ἐργάζεται</span> <span class='ocrx_word' id='word_1_385' title='bbox 561 2380 605 2409; x_wconf 83' lang='grc' dir='ltr'>καὶ</span> <span class='ocrx_word' id='word_1_386' title='bbox 617 2380 737 2419; x_wconf 53' lang='grc' dir='ltr'>ἷσΛυροὺς</span> <span class='ocrx_word' id='word_1_387' title='bbox 746 2403 753 2416; x_wconf 96' lang='grc'>,</span> <span class='ocrx_word' id='word_1_388' title='bbox 769 2383 804 2413; x_wconf 83' lang='grc' dir='ltr'>ὡς</span> <span class='ocrx_word' id='word_1_389' title='bbox 815 2382 845 2410; x_wconf 79' lang='grc' dir='ltr'>τὸ</span> 
     </span>
     <span class='ocr_line' id='line_1_52' title="bbox 78 2421 846 2465; baseline 0.008 -16"><span class='ocrx_word' id='word_1_390' title='bbox 78 2421 158 2458; x_wconf 80' lang='grc' dir='ltr'>μηδὲν</span> <span class='ocrx_word' id='word_1_391' title='bbox 182 2425 343 2460; x_wconf 70' lang='grc' dir='ltr'>κεκτῆσθαι,</span> <span class='ocrx_word' id='word_1_392' title='bbox 368 2425 434 2463; x_wconf 82' lang='grc' dir='ltr'>μηδὲ</span> <span class='ocrx_word' id='word_1_393' title='bbox 449 2425 591 2465; x_wconf 67' lang='grc' dir='ltr'>περιὸολήν</span> <span class='ocrx_word' id='word_1_394' title='bbox 608 2438 667 2454; x_wconf 90' lang='grc' dir='ltr'>τινα</span> <span class='ocrx_word' id='word_1_395' title='bbox 683 2427 846 2465; x_wconf 85' lang='grc' dir='ltr'>πραγμάτων</span> 
     </span>
     <span class='ocr_line' id='line_1_53' title="bbox 77 2467 847 2509; baseline 0.009 -14"><span class='ocrx_word' id='word_1_396' title='bbox 77 2467 155 2505; x_wconf 70' lang='grc' dir='ltr'>ἔχειν.</span> <span class='ocrx_word' id='word_1_397' title='bbox 165 2467 248 2498; x_wconf 66' lang='lat' dir='ltr'>“stote</span> <span class='ocrx_word' id='word_1_398' title='bbox 268 2470 292 2498; x_wconf 87' lang='grc' dir='ltr'>εἴ</span> <span class='ocrx_word' id='word_1_399' title='bbox 305 2482 344 2503; x_wconf 87' lang='grc' dir='ltr'>τις</span> <span class='ocrx_word' id='word_1_400' title='bbox 361 2471 480 2509; x_wconf 87' lang='grc' dir='ltr'>βούλοιτο</span> <span class='ocrx_word' id='word_1_401' title='bbox 495 2472 595 2508; x_wconf 81' lang='grc' dir='ltr'>πολλὴν</span> <span class='ocrx_word' id='word_1_402' title='bbox 610 2475 753 2508; x_wconf 73' lang='grc' dir='ltr'>κεκτῆσθαι</span> <span class='ocrx_word' id='word_1_403' title='bbox 767 2473 847 2502; x_wconf 79' lang='grc' dir='ltr'>δύνα-</span> 
     </span>
    </p>
   </div>
   <div class='ocr_carea' id='block_1_9' title="bbox 111 2549 792 2586">
    <p class='ocr_par' dir='ltr' id='par_1_9' title="bbox 111 2549 792 2586">
     <span class='ocr_line' id='line_1_54' title="bbox 111 2549 792 2586; baseline 0.004 -12"><span class='ocrx_word' id='word_1_404' title='bbox 111 2555 121 2568; x_wconf 70' lang='lat' dir='ltr'>fl</span> <span class='ocrx_word' id='word_1_405' title='bbox 139 2549 231 2577; x_wconf 72' lang='lat' dir='ltr'>[Savil.</span> <span class='ocrx_word' id='word_1_406' title='bbox 246 2552 269 2575; x_wconf 87' lang='lat' dir='ltr'>in</span> <span class='ocrx_word' id='word_1_407' title='bbox 282 2560 360 2584; x_wconf 75' lang='lat' dir='ltr'>marg.</span> <span class='ocrx_word' id='word_1_408' title='bbox 376 2555 434 2577; x_wconf 63' lang='grc' dir='ltr'>ἀλλὰ</span> <span class='ocrx_word' id='word_1_409' title='bbox 444 2557 497 2583; x_wconf 57' lang='grc' dir='ltr'>μίαν</span> <span class='ocrx_word' id='word_1_410' title='bbox 512 2556 564 2579; x_wconf 70' lang='grc' dir='ltr'>εἶναι</span> <span class='ocrx_word' id='word_1_411' title='bbox 579 2557 662 2586; x_wconf 69' lang='grc' dir='ltr'>νομίζει</span> <span class='ocrx_word' id='word_1_412' title='bbox 675 2558 714 2582; x_wconf 56' lang='grc' dir='ltr'>τὴν</span> <span class='ocrx_word' id='word_1_413' title='bbox 727 2554 792 2583; x_wconf 56' lang='lat' dir='ltr'>am]</span> 
     </span>
    </p>
   </div>
   <div class='ocr_carea' id='block_1_10' title="bbox 1562 158 1627 194">
    <p class='ocr_par' dir='ltr' id='par_1_10' title="bbox 1562 158 1627 194">
     <span class='ocr_line' id='line_1_55' title="bbox 1562 158 1627 194; baseline 0.015 -1"><span class='ocrx_word' id='word_1_414' title='bbox 1562 158 1627 194; x_wconf 79' lang='lat'>225</span> 
     </span>
    </p>
   </div>
   <div class='ocr_carea' id='block_1_11' title="bbox 899 227 1627 2510">
    <p class='ocr_par' dir='ltr' id='par_1_11' title="bbox 899 227 1627 2510">
     <span class='ocr_line' id='line_1_56' title="bbox 909 227 1627 270; baseline 0.008 -15"><span class='ocrx_word' id='word_1_415' title='bbox 909 227 1039 266; x_wconf 80' lang='lat' dir='ltr'>luerunt,</span> <span class='ocrx_word' id='word_1_416' title='bbox 1056 228 1169 258; x_wconf 75' lang='lat' dir='ltr'>sederat</span> <span class='ocrx_word' id='word_1_417' title='bbox 1188 230 1234 265; x_wconf 75' lang='lat' dir='ltr'>cis,</span> <span class='ocrx_word' id='word_1_418' title='bbox 1251 230 1297 269; x_wconf 89' lang='lat' dir='ltr'>qui</span> <span class='ocrx_word' id='word_1_419' title='bbox 1321 231 1447 259; x_wconf 83' lang='lat' dir='ltr'>omnibus</span> <span class='ocrx_word' id='word_1_420' title='bbox 1469 233 1554 270; x_wconf 76' lang='lat' dir='ltr'>major</span> <span class='ocrx_word' id='word_1_421' title='bbox 1578 240 1627 268; x_wconf 82' lang='lat' dir='ltr'>est,</span> 
     </span>
     <span class='ocr_line' id='line_1_57' title="bbox 910 273 1627 315; baseline 0.007 -14"><span class='ocrx_word' id='word_1_422' title='bbox 910 273 1016 302; x_wconf 83' lang='lat' dir='ltr'>animus</span> <span class='ocrx_word' id='word_1_423' title='bbox 1029 274 1064 302; x_wconf 82' lang='lat' dir='ltr'>ad</span> <span class='ocrx_word' id='word_1_424' title='bbox 1080 275 1199 314; x_wconf 82' lang='lat' dir='ltr'>pericula</span> <span class='ocrx_word' id='word_1_425' title='bbox 1209 275 1355 304; x_wconf 79' lang='lat' dir='ltr'>admodum</span> <span class='ocrx_word' id='word_1_426' title='bbox 1368 283 1498 315; x_wconf 80' lang='lat' dir='ltr'>promtus.</span> <span class='ocrx_word' id='word_1_427' title='bbox 1513 278 1579 305; x_wconf 84' lang='lat' dir='ltr'>llinc</span> <span class='ocrx_word' id='word_1_428' title='bbox 1589 286 1627 307; x_wconf 76' lang='lat' dir='ltr'>est</span> 
     </span>
     <span class='ocr_line' id='line_1_58' title="bbox 911 319 1627 360; baseline 0.007 -14"><span class='ocrx_word' id='word_1_429' title='bbox 911 319 981 356; x_wconf 87' lang='lat' dir='ltr'>quod</span> <span class='ocrx_word' id='word_1_430' title='bbox 989 319 1122 348; x_wconf 85' lang='lat' dir='ltr'>demultis</span> <span class='ocrx_word' id='word_1_431' title='bbox 1130 321 1195 349; x_wconf 81' lang='lat' dir='ltr'>bene</span> <span class='ocrx_word' id='word_1_432' title='bbox 1204 328 1368 359; x_wconf 81' lang='lat' dir='ltr'>meruerunt,</span> <span class='ocrx_word' id='word_1_433' title='bbox 1379 322 1529 360; x_wconf 83' lang='lat' dir='ltr'>multosque</span> <span class='ocrx_word' id='word_1_434' title='bbox 1539 334 1627 352; x_wconf 66' lang='lat' dir='ltr'>serva-</span> 
     </span>
     <span class='ocr_line' id='line_1_59' title="bbox 909 366 1627 406; baseline 0.006 -14"><span class='ocrx_word' id='word_1_435' title='bbox 909 372 981 393; x_wconf 82' lang='lat' dir='ltr'>runt.</span> <span class='ocrx_word' id='word_1_436' title='bbox 999 366 1090 403; x_wconf 71' lang='lat' dir='ltr'>Neque</span> <span class='ocrx_word' id='word_1_437' title='bbox 1101 366 1172 394; x_wconf 86' lang='lat' dir='ltr'>enim</span> <span class='ocrx_word' id='word_1_438' title='bbox 1187 367 1314 395; x_wconf 79' lang='lat' dir='ltr'>Ecclesiis</span> <span class='ocrx_word' id='word_1_439' title='bbox 1327 374 1380 395; x_wconf 80' lang='lat' dir='ltr'>tam</span> <span class='ocrx_word' id='word_1_440' title='bbox 1400 367 1524 406; x_wconf 74' lang='lat' dir='ltr'>prodesse</span> <span class='ocrx_word' id='word_1_441' title='bbox 1538 369 1627 397; x_wconf 73' lang='lat' dir='ltr'>vatent</span> 
     </span>
     <span class='ocr_line' id='line_1_60' title="bbox 909 409 1627 451; baseline 0.006 -13"><span class='ocrx_word' id='word_1_442' title='bbox 909 409 1007 439; x_wconf 70' lang='lat' dir='ltr'>divites</span> <span class='ocrx_word' id='word_1_443' title='bbox 1023 410 1061 438; x_wconf 92' lang='lat' dir='ltr'>illi</span> <span class='ocrx_word' id='word_1_444' title='bbox 1077 411 1178 447; x_wconf 81' lang='lat' dir='ltr'>sastosi,</span> <span class='ocrx_word' id='word_1_445' title='bbox 1194 419 1222 440; x_wconf 90' lang='lat' dir='ltr'>ut</span> <span class='ocrx_word' id='word_1_446' title='bbox 1237 423 1366 451; x_wconf 72' lang='lat' dir='ltr'>pauperes</span> <span class='ocrx_word' id='word_1_447' title='bbox 1380 413 1554 451; x_wconf 74' lang='lat' dir='ltr'>magnanimi.</span> <span class='ocrx_word' id='word_1_448' title='bbox 1574 415 1627 442; x_wconf 84' lang='lat' dir='ltr'>Ne-</span> 
     </span>
     <span class='ocr_line' id='line_1_61' title="bbox 911 455 1625 497; baseline 0.006 -14"><span class='ocrx_word' id='word_1_449' title='bbox 911 466 954 483; x_wconf 88' lang='lat' dir='ltr'>mo</span> <span class='ocrx_word' id='word_1_450' title='bbox 966 455 1069 484; x_wconf 86' lang='lat' dir='ltr'>dictum</span> <span class='ocrx_word' id='word_1_451' title='bbox 1086 457 1136 485; x_wconf 82' lang='lat' dir='ltr'>hoc</span> <span class='ocrx_word' id='word_1_452' title='bbox 1148 458 1260 486; x_wconf 85' lang='lat' dir='ltr'>miretur</span> <span class='ocrx_word' id='word_1_453' title='bbox 1273 470 1278 485; x_wconf 91' lang='lat'>:</span> <span class='ocrx_word' id='word_1_454' title='bbox 1293 469 1388 487; x_wconf 79' lang='lat' dir='ltr'>verum</span> <span class='ocrx_word' id='word_1_455' title='bbox 1404 459 1473 487; x_wconf 85' lang='lat' dir='ltr'>enim</span> <span class='ocrx_word' id='word_1_456' title='bbox 1490 466 1537 496; x_wconf 77' lang='lat' dir='ltr'>est,</span> <span class='ocrx_word' id='word_1_457' title='bbox 1549 460 1625 497; x_wconf 90' lang='lat' dir='ltr'>quod</span> 
     </span>
     <span class='ocr_line' id='line_1_62' title="bbox 909 501 1625 543; baseline 0.006 -14"><span class='ocrx_word' id='word_1_458' title='bbox 909 501 1042 540; x_wconf 82' lang='lat' dir='ltr'>dicimus,</span> <span class='ocrx_word' id='word_1_459' title='bbox 1058 502 1141 541; x_wconf 77' lang='lat' dir='ltr'>idque</span> <span class='ocrx_word' id='word_1_460' title='bbox 1159 503 1239 532; x_wconf 84' lang='lat' dir='ltr'>rebus</span> <span class='ocrx_word' id='word_1_461' title='bbox 1256 504 1532 543; x_wconf 52' lang='lat' dir='ltr'>ipsis⁴&gt;comprobatur</span> <span class='ocrx_word' id='word_1_462' title='bbox 1545 517 1550 532; x_wconf 91' lang='lat'>:</span> <span class='ocrx_word' id='word_1_463' title='bbox 1565 516 1625 534; x_wconf 79' lang='lat' dir='ltr'>nam</span> 
     </span>
     <span class='ocr_line' id='line_1_63' title="bbox 910 547 1625 590; baseline 0.007 -15"><span class='ocrx_word' id='word_1_464' title='bbox 910 547 1001 576; x_wconf 66' lang='lat' dir='ltr'>multae</span> <span class='ocrx_word' id='word_1_465' title='bbox 1016 555 1076 577; x_wconf 89' lang='lat' dir='ltr'>sunt</span> <span class='ocrx_word' id='word_1_466' title='bbox 1096 549 1190 577; x_wconf 79' lang='lat' dir='ltr'>divitis</span> <span class='ocrx_word' id='word_1_467' title='bbox 1205 550 1330 578; x_wconf 71' lang='lat' dir='ltr'>molestiae</span> <span class='ocrx_word' id='word_1_468' title='bbox 1345 558 1370 578; x_wconf 91' lang='lat' dir='ltr'>et</span> <span class='ocrx_word' id='word_1_469' title='bbox 1389 551 1518 590; x_wconf 80' lang='lat' dir='ltr'>pericula.</span> <span class='ocrx_word' id='word_1_470' title='bbox 1533 552 1625 580; x_wconf 82' lang='lat' dir='ltr'>Timet</span> 
     </span>
     <span class='ocr_line' id='line_1_64' title="bbox 909 593 1624 636; baseline 0.006 -15"><span class='ocrx_word' id='word_1_471' title='bbox 909 604 957 632; x_wconf 84' lang='lat' dir='ltr'>pro</span> <span class='ocrx_word' id='word_1_472' title='bbox 969 593 1060 631; x_wconf 75' lang='lat' dir='ltr'>domo,</span> <span class='ocrx_word' id='word_1_473' title='bbox 1077 606 1125 634; x_wconf 84' lang='lat' dir='ltr'>pro</span> <span class='ocrx_word' id='word_1_474' title='bbox 1140 596 1259 630; x_wconf 84' lang='lat' dir='ltr'>famulis,</span> <span class='ocrx_word' id='word_1_475' title='bbox 1278 607 1326 635; x_wconf 83' lang='lat' dir='ltr'>pro</span> <span class='ocrx_word' id='word_1_476' title='bbox 1336 597 1418 635; x_wconf 83' lang='lat' dir='ltr'>agris,</span> <span class='ocrx_word' id='word_1_477' title='bbox 1437 608 1485 636; x_wconf 86' lang='lat' dir='ltr'>pro</span> <span class='ocrx_word' id='word_1_478' title='bbox 1504 597 1624 636; x_wconf 82' lang='lat' dir='ltr'>opibus,</span> 
     </span>
     <span class='ocr_line' id='line_1_65' title="bbox 909 639 1626 680; baseline 0.006 -13"><span class='ocrx_word' id='word_1_479' title='bbox 909 649 941 667; x_wconf 87' lang='lat' dir='ltr'>ne</span> <span class='ocrx_word' id='word_1_480' title='bbox 963 639 1023 677; x_wconf 86' lang='lat' dir='ltr'>quis</span> <span class='ocrx_word' id='word_1_481' title='bbox 1049 640 1153 678; x_wconf 82' lang='lat' dir='ltr'>aliquid</span> <span class='ocrx_word' id='word_1_482' title='bbox 1177 652 1210 669; x_wconf 87' lang='lat' dir='ltr'>cx</span> <span class='ocrx_word' id='word_1_483' title='bbox 1227 642 1259 669; x_wconf 86' lang='lat' dir='ltr'>iis</span> <span class='ocrx_word' id='word_1_484' title='bbox 1275 642 1388 669; x_wconf 78' lang='lat' dir='ltr'>auferat.</span> <span class='ocrx_word' id='word_1_485' title='bbox 1409 642 1443 670; x_wconf 84' lang='lat' dir='ltr'>Et</span> <span class='ocrx_word' id='word_1_486' title='bbox 1459 642 1504 680; x_wconf 89' lang='lat' dir='ltr'>qui</span> <span class='ocrx_word' id='word_1_487' title='bbox 1527 643 1626 672; x_wconf 80' lang='lat' dir='ltr'>multo-</span> 
     </span>
     <span class='ocr_line' id='line_1_66' title="bbox 908 683 1626 720; baseline 0.008 -10"><span class='ocrx_word' id='word_1_488' title='bbox 908 693 970 710; x_wconf 86' lang='lat' dir='ltr'>rum</span> <span class='ocrx_word' id='word_1_489' title='bbox 1002 689 1040 711; x_wconf 86' lang='lat' dir='ltr'>est</span> <span class='ocrx_word' id='word_1_490' title='bbox 1072 683 1198 712; x_wconf 90' lang='lat' dir='ltr'>dominus</span> <span class='ocrx_word' id='word_1_491' title='bbox 1210 707 1217 720; x_wconf 91' lang='lat'>‚</span> <span class='ocrx_word' id='word_1_492' title='bbox 1250 685 1321 714; x_wconf 88' lang='lat' dir='ltr'>idem</span> <span class='ocrx_word' id='word_1_493' title='bbox 1349 686 1497 714; x_wconf 88' lang='lat' dir='ltr'>multorum</span> <span class='ocrx_word' id='word_1_494' title='bbox 1533 697 1626 716; x_wconf 66' lang='lat' dir='ltr'>servus</span> 
     </span>
     <span class='ocr_line' id='line_1_67' title="bbox 908 728 1626 771; baseline 0.007 -15"><span class='ocrx_word' id='word_1_495' title='bbox 908 738 963 756; x_wconf 86' lang='lat' dir='ltr'>esse</span> <span class='ocrx_word' id='word_1_496' title='bbox 988 728 1102 767; x_wconf 81' lang='lat' dir='ltr'>cogitur.</span> <span class='ocrx_word' id='word_1_497' title='bbox 1136 730 1240 769; x_wconf 76' lang='lat' dir='ltr'>Pauper</span> <span class='ocrx_word' id='word_1_498' title='bbox 1267 738 1356 759; x_wconf 80' lang='lat' dir='ltr'>autem</span> <span class='ocrx_word' id='word_1_499' title='bbox 1389 731 1431 759; x_wconf 82' lang='lat' dir='ltr'>his</span> <span class='ocrx_word' id='word_1_500' title='bbox 1462 731 1603 771; x_wconf 82' lang='lat' dir='ltr'>expeditus</span> <span class='ocrx_word' id='word_1_501' title='bbox 1618 755 1626 769; x_wconf 86' lang='grc'>,</span> 
     </span>
     <span class='ocr_line' id='line_1_68' title="bbox 908 774 1626 818; baseline 0.007 -17"><span class='ocrx_word' id='word_1_502' title='bbox 908 780 934 801; x_wconf 88' lang='lat' dir='ltr'>et</span> <span class='ocrx_word' id='word_1_503' title='bbox 959 774 1031 802; x_wconf 88' lang='lat' dir='ltr'>curis</span> <span class='ocrx_word' id='word_1_504' title='bbox 1049 775 1175 803; x_wconf 88' lang='lat' dir='ltr'>omnibus</span> <span class='ocrx_word' id='word_1_505' title='bbox 1190 786 1289 813; x_wconf 79' lang='lat' dir='ltr'>carens,</span> <span class='ocrx_word' id='word_1_506' title='bbox 1314 776 1355 804; x_wconf 89' lang='lat' dir='ltr'>leo</span> <span class='ocrx_word' id='word_1_507' title='bbox 1378 784 1435 812; x_wconf 85' lang='lat' dir='ltr'>est,</span> <span class='ocrx_word' id='word_1_508' title='bbox 1454 777 1541 816; x_wconf 82' lang='lat' dir='ltr'>ignem</span> <span class='ocrx_word' id='word_1_509' title='bbox 1570 779 1626 818; x_wconf 80' lang='lat' dir='ltr'>spi-</span> 
     </span>
     <span class='ocr_line' id='line_1_69' title="bbox 908 822 1627 860; baseline 0.006 -12"><span class='ocrx_word' id='word_1_510' title='bbox 908 827 960 858; x_wconf 79' lang='lat' dir='ltr'>rat,</span> <span class='ocrx_word' id='word_1_511' title='bbox 977 831 1103 859; x_wconf 80' lang='lat' dir='ltr'>generoso</span> <span class='ocrx_word' id='word_1_512' title='bbox 1129 828 1154 849; x_wconf 91' lang='lat' dir='ltr'>et</span> <span class='ocrx_word' id='word_1_513' title='bbox 1174 822 1236 850; x_wconf 85' lang='lat' dir='ltr'>forti</span> <span class='ocrx_word' id='word_1_514' title='bbox 1258 829 1297 850; x_wconf 80' lang='lat' dir='ltr'>est</span> <span class='ocrx_word' id='word_1_515' title='bbox 1321 823 1418 860; x_wconf 81' lang='lat' dir='ltr'>animo,</span> <span class='ocrx_word' id='word_1_516' title='bbox 1446 823 1480 851; x_wconf 88' lang='lat' dir='ltr'>de</span> <span class='ocrx_word' id='word_1_517' title='bbox 1501 824 1627 853; x_wconf 84' lang='lat' dir='ltr'>omnibus</span> 
     </span>
     <span class='ocr_line' id='line_1_70' title="bbox 908 865 1626 906; baseline 0.004 -13"><span class='ocrx_word' id='word_1_518' title='bbox 908 875 964 893; x_wconf 86' lang='lat' dir='ltr'>sese</span> <span class='ocrx_word' id='word_1_519' title='bbox 986 865 1107 904; x_wconf 78' lang='lat' dir='ltr'>expedit,</span> <span class='ocrx_word' id='word_1_520' title='bbox 1124 865 1201 893; x_wconf 82' lang='lat' dir='ltr'>facile</span> <span class='ocrx_word' id='word_1_521' title='bbox 1217 866 1307 894; x_wconf 84' lang='lat' dir='ltr'>omnia</span> <span class='ocrx_word' id='word_1_522' title='bbox 1328 867 1395 905; x_wconf 82' lang='lat' dir='ltr'>agit,</span> <span class='ocrx_word' id='word_1_523' title='bbox 1419 877 1478 904; x_wconf 79' lang='lat' dir='ltr'>quae</span> <span class='ocrx_word' id='word_1_524' title='bbox 1500 867 1626 906; x_wconf 82' lang='lat' dir='ltr'><strong>prodesse</strong></span> 
     </span>
     <span class='ocr_line' id='line_1_71' title="bbox 908 911 1626 952; baseline 0.006 -13"><span class='ocrx_word' id='word_1_525' title='bbox 908 918 1020 950; x_wconf 76' lang='lat' dir='ltr'>possunt</span> <span class='ocrx_word' id='word_1_526' title='bbox 1044 911 1187 948; x_wconf 85' lang='lat' dir='ltr'>Ecclesiis,</span> <span class='ocrx_word' id='word_1_527' title='bbox 1203 912 1260 940; x_wconf 74' lang='lat' dir='ltr'>sive</span> <span class='ocrx_word' id='word_1_528' title='bbox 1283 923 1350 952; x_wconf 87' lang='lat' dir='ltr'>opus</span> <span class='ocrx_word' id='word_1_529' title='bbox 1370 912 1404 941; x_wconf 88' lang='lat' dir='ltr'>sit</span> <span class='ocrx_word' id='word_1_530' title='bbox 1424 919 1453 940; x_wconf 90' lang='lat' dir='ltr'>ut</span> <span class='ocrx_word' id='word_1_531' title='bbox 1477 921 1626 951; x_wconf 74' lang='lat' dir='ltr'>arguantur</span> 
     </span>
     <span class='ocr_line' id='line_1_72' title="bbox 907 957 1626 999; baseline 0.006 -15"><span class='ocrx_word' id='word_1_532' title='bbox 907 957 1002 995; x_wconf 81' lang='lat' dir='ltr'>aliqui,</span> <span class='ocrx_word' id='word_1_533' title='bbox 1017 957 1074 986; x_wconf 86' lang='lat' dir='ltr'>sive</span> <span class='ocrx_word' id='word_1_534' title='bbox 1088 964 1117 985; x_wconf 87' lang='lat' dir='ltr'>ut</span> <span class='ocrx_word' id='word_1_535' title='bbox 1136 957 1324 997; x_wconf 79' lang='lat' dir='ltr'><strong>increpentur,</strong></span> <span class='ocrx_word' id='word_1_536' title='bbox 1338 958 1396 987; x_wconf 85' lang='lat' dir='ltr'>sive</span> <span class='ocrx_word' id='word_1_537' title='bbox 1417 966 1540 987; x_wconf 78' lang='lat' dir='ltr'>sexcenta</span> <span class='ocrx_word' id='word_1_538' title='bbox 1565 970 1626 999; x_wconf 86' lang='lat' dir='ltr'>pro-</span> 
     </span>
     <span class='ocr_line' id='line_1_73' title="bbox 908 1003 1623 1043; baseline 0.004 -13"><span class='ocrx_word' id='word_1_539' title='bbox 908 1009 967 1042; x_wconf 87' lang='lat' dir='ltr'>pter</span> <span class='ocrx_word' id='word_1_540' title='bbox 992 1003 1131 1032; x_wconf 79' lang='lat' dir='ltr'>Christum</span> <span class='ocrx_word' id='word_1_541' title='bbox 1155 1013 1234 1042; x_wconf 79' lang='lat' dir='ltr'>opera</span> <span class='ocrx_word' id='word_1_542' title='bbox 1260 1004 1398 1032; x_wconf 84' lang='lat' dir='ltr'>subeunda</span> <span class='ocrx_word' id='word_1_543' title='bbox 1420 1004 1492 1033; x_wconf 90' lang='lat' dir='ltr'>sint:</span> <span class='ocrx_word' id='word_1_544' title='bbox 1508 1015 1538 1033; x_wconf 89' lang='lat' dir='ltr'>ae</span> <span class='ocrx_word' id='word_1_545' title='bbox 1553 1016 1623 1043; x_wconf 93' lang='lat' dir='ltr'>quo-</span> 
     </span>
     <span class='ocr_line' id='line_1_74' title="bbox 908 1049 1625 1091; baseline 0.004 -14"><span class='ocrx_word' id='word_1_546' title='bbox 908 1050 981 1078; x_wconf 82' lang='lat' dir='ltr'>niam</span> <span class='ocrx_word' id='word_1_547' title='bbox 1003 1050 1083 1078; x_wconf 86' lang='lat' dir='ltr'>semel</span> <span class='ocrx_word' id='word_1_548' title='bbox 1100 1050 1184 1079; x_wconf 82' lang='lat' dir='ltr'>vitam</span> <span class='ocrx_word' id='word_1_549' title='bbox 1203 1049 1326 1089; x_wconf 82' lang='lat' dir='ltr'>despexit</span> <span class='ocrx_word' id='word_1_550' title='bbox 1344 1058 1513 1090; x_wconf 75' lang='lat' dir='ltr'>praesentem,</span> <span class='ocrx_word' id='word_1_551' title='bbox 1528 1063 1625 1091; x_wconf 73' lang='lat' dir='ltr'>magna</span> 
     </span>
     <span class='ocr_line' id='line_1_75' title="bbox 908 1095 1622 1135; baseline 0.004 -12"><span class='ocrx_word' id='word_1_552' title='bbox 908 1095 1036 1123; x_wconf 80' lang='lat' dir='ltr'>facilitate</span> <span class='ocrx_word' id='word_1_553' title='bbox 1063 1095 1172 1124; x_wconf 83' lang='lat' dir='ltr'>conficit</span> <span class='ocrx_word' id='word_1_554' title='bbox 1191 1096 1290 1125; x_wconf 84' lang='lat' dir='ltr'>omnia.</span> <span class='ocrx_word' id='word_1_555' title='bbox 1307 1097 1382 1131; x_wconf 86' lang='lat' dir='ltr'>Quid</span> <span class='ocrx_word' id='word_1_556' title='bbox 1405 1098 1475 1125; x_wconf 88' lang='lat' dir='ltr'>enim</span> <span class='ocrx_word' id='word_1_557' title='bbox 1502 1097 1622 1135; x_wconf 84' lang='lat' dir='ltr'>timeret,</span> 
     </span>
     <span class='ocr_line' id='line_1_76' title="bbox 907 1140 1624 1181; baseline 0.006 -13"><span class='ocrx_word' id='word_1_558' title='bbox 907 1140 962 1178; x_wconf 84' lang='lat' dir='ltr'>dic,</span> <span class='ocrx_word' id='word_1_559' title='bbox 985 1141 1114 1169; x_wconf 75' lang='lat' dir='ltr'>obsecro?</span> <span class='ocrx_word' id='word_1_560' title='bbox 1136 1142 1209 1169; x_wconf 77' lang='lat' dir='ltr'>Num</span> <span class='ocrx_word' id='word_1_561' title='bbox 1239 1152 1271 1169; x_wconf 89' lang='lat' dir='ltr'>ne</span> <span class='ocrx_word' id='word_1_562' title='bbox 1293 1153 1354 1181; x_wconf 82' lang='lat' dir='ltr'>opes</span> <span class='ocrx_word' id='word_1_563' title='bbox 1377 1143 1433 1181; x_wconf 87' lang='lat' dir='ltr'>ejus</span> <span class='ocrx_word' id='word_1_564' title='bbox 1448 1144 1624 1172; x_wconf 73' lang='lat' dir='ltr'>auferantur?</span> 
     </span>
     <span class='ocr_line' id='line_1_77' title="bbox 909 1187 1624 1228; baseline 0.006 -13"><span class='ocrx_word' id='word_1_565' title='bbox 909 1187 966 1216; x_wconf 88' lang='lat' dir='ltr'>lIoc</span> <span class='ocrx_word' id='word_1_566' title='bbox 988 1197 1065 1215; x_wconf 89' lang='lat' dir='ltr'>nemo</span> <span class='ocrx_word' id='word_1_567' title='bbox 1089 1187 1176 1215; x_wconf 89' lang='lat' dir='ltr'>dicere</span> <span class='ocrx_word' id='word_1_568' title='bbox 1197 1188 1303 1226; x_wconf 82' lang='lat' dir='ltr'>poterit.</span> <span class='ocrx_word' id='word_1_569' title='bbox 1319 1189 1391 1216; x_wconf 86' lang='lat' dir='ltr'>Num</span> <span class='ocrx_word' id='word_1_570' title='bbox 1413 1199 1446 1216; x_wconf 89' lang='lat' dir='ltr'>ne</span> <span class='ocrx_word' id='word_1_571' title='bbox 1468 1189 1584 1228; x_wconf 80' lang='lat' dir='ltr'>pellatur</span> <span class='ocrx_word' id='word_1_572' title='bbox 1609 1201 1624 1219; x_wconf 87' lang='lat' dir='ltr'>e</span> 
     </span>
     <span class='ocr_line' id='line_1_78' title="bbox 907 1232 1621 1272; baseline 0.006 -12"><span class='ocrx_word' id='word_1_573' title='bbox 907 1233 993 1272; x_wconf 81' lang='lat' dir='ltr'>patria</span> <span class='ocrx_word' id='word_1_574' title='bbox 1003 1233 1015 1260; x_wconf 66' lang='grc' dir='ltr'>ἶ)</span> <span class='ocrx_word' id='word_1_575' title='bbox 1027 1232 1080 1261; x_wconf 80' lang='lat' dir='ltr'>Sed</span> <span class='ocrx_word' id='word_1_576' title='bbox 1095 1233 1237 1261; x_wconf 75' lang='lat' dir='ltr'>universus</span> <span class='ocrx_word' id='word_1_577' title='bbox 1253 1233 1325 1262; x_wconf 86' lang='lat' dir='ltr'>orbis</span> <span class='ocrx_word' id='word_1_578' title='bbox 1351 1241 1482 1262; x_wconf 73' lang='lat' dir='ltr'>terrarum</span> <span class='ocrx_word' id='word_1_579' title='bbox 1503 1235 1527 1262; x_wconf 88' lang='lat' dir='ltr'>ei</span> <span class='ocrx_word' id='word_1_580' title='bbox 1550 1236 1621 1265; x_wconf 85' lang='lat' dir='ltr'>civi—</span> 
     </span>
     <span class='ocr_line' id='line_1_79' title="bbox 908 1279 1622 1316; baseline 0.007 -11"><span class='ocrx_word' id='word_1_581' title='bbox 908 1284 947 1306; x_wconf 79' lang='lat' dir='ltr'>tas</span> <span class='ocrx_word' id='word_1_582' title='bbox 966 1285 1015 1306; x_wconf 89' lang='lat' dir='ltr'>est.</span> <span class='ocrx_word' id='word_1_583' title='bbox 1033 1279 1106 1306; x_wconf 83' lang='lat' dir='ltr'>Num</span> <span class='ocrx_word' id='word_1_584' title='bbox 1129 1289 1161 1306; x_wconf 89' lang='lat' dir='ltr'>nc</span> <span class='ocrx_word' id='word_1_585' title='bbox 1186 1279 1246 1316; x_wconf 87' lang='lat' dir='ltr'>quis</span> <span class='ocrx_word' id='word_1_586' title='bbox 1264 1279 1407 1308; x_wconf 78' lang='lat' dir='ltr'>imminuat</span> <span class='ocrx_word' id='word_1_587' title='bbox 1422 1280 1444 1308; x_wconf 89' lang='lat' dir='ltr'>ei</span> <span class='ocrx_word' id='word_1_588' title='bbox 1466 1279 1575 1309; x_wconf 84' lang='lat' dir='ltr'>delicias</span> <span class='ocrx_word' id='word_1_589' title='bbox 1596 1289 1622 1310; x_wconf 88' lang='lat' dir='ltr'>et</span> 
     </span>
     <span class='ocr_line' id='line_1_80' title="bbox 906 1324 1623 1366; baseline 0.006 -14"><span class='ocrx_word' id='word_1_590' title='bbox 906 1324 1064 1352; x_wconf 82' lang='lat' dir='ltr'>satellitium</span> <span class='ocrx_word' id='word_1_591' title='bbox 1076 1327 1089 1354; x_wconf 75' lang='grc' dir='ltr'>Ξ)</span> <span class='ocrx_word' id='word_1_592' title='bbox 1102 1325 1155 1355; x_wconf 71' lang='lat' dir='ltr'>Sed</span> <span class='ocrx_word' id='word_1_593' title='bbox 1190 1325 1232 1354; x_wconf 82' lang='lat' dir='ltr'>liis</span> <span class='ocrx_word' id='word_1_594' title='bbox 1267 1326 1392 1353; x_wconf 88' lang='lat' dir='ltr'>omnibus</span> <span class='ocrx_word' id='word_1_595' title='bbox 1422 1326 1512 1355; x_wconf 74' lang='lat' dir='ltr'>valere</span> <span class='ocrx_word' id='word_1_596' title='bbox 1539 1327 1623 1366; x_wconf 83' lang='lat' dir='ltr'>jussis</span> 
     </span>
     <span class='ocr_line' id='line_1_81' title="bbox 906 1369 1620 1407; baseline 0.007 -10"><span class='ocrx_word' id='word_1_597' title='bbox 906 1369 932 1397; x_wconf 93' lang='lat' dir='ltr'>in</span> <span class='ocrx_word' id='word_1_598' title='bbox 947 1370 1012 1398; x_wconf 57' lang='lat' dir='ltr'>caelo</span> <span class='ocrx_word' id='word_1_599' title='bbox 1038 1371 1150 1407; x_wconf 79' lang='lat' dir='ltr'>habitat,</span> <span class='ocrx_word' id='word_1_600' title='bbox 1165 1378 1190 1399; x_wconf 90' lang='lat' dir='ltr'>et</span> <span class='ocrx_word' id='word_1_601' title='bbox 1226 1371 1261 1399; x_wconf 85' lang='lat' dir='ltr'>ad</span> <span class='ocrx_word' id='word_1_602' title='bbox 1295 1372 1412 1399; x_wconf 80' lang='lat' dir='ltr'>futuram</span> <span class='ocrx_word' id='word_1_603' title='bbox 1436 1372 1542 1400; x_wconf 78' lang='lat' dir='ltr'>festinat</span> <span class='ocrx_word' id='word_1_604' title='bbox 1576 1373 1620 1402; x_wconf 77' lang='lat' dir='ltr'>vi-</span> 
     </span>
     <span class='ocr_line' id='line_1_82' title="bbox 905 1416 1622 1457; baseline 0.003 -13"><span class='ocrx_word' id='word_1_605' title='bbox 905 1421 970 1444; x_wconf 84' lang='lat' dir='ltr'>tam.</span> <span class='ocrx_word' id='word_1_606' title='bbox 983 1417 1041 1445; x_wconf 72' lang='lat' dir='ltr'>Non</span> <span class='ocrx_word' id='word_1_607' title='bbox 1055 1416 1335 1456; x_wconf 42' lang='lat' dir='ltr'>deprecabitur-item,</span> <span class='ocrx_word' id='word_1_608' title='bbox 1349 1417 1371 1446; x_wconf 93' lang='lat' dir='ltr'>si</span> <span class='ocrx_word' id='word_1_609' title='bbox 1387 1417 1476 1445; x_wconf 83' lang='lat' dir='ltr'>anima</span> <span class='ocrx_word' id='word_1_610' title='bbox 1496 1418 1552 1457; x_wconf 83' lang='lat' dir='ltr'>ipsa</span> <span class='ocrx_word' id='word_1_611' title='bbox 1568 1425 1622 1447; x_wconf 85' lang='lat' dir='ltr'>tra-</span> 
     </span>
     <span class='ocr_line' id='line_1_83' title="bbox 904 1461 1622 1503; baseline 0.006 -13"><span class='ocrx_word' id='word_1_612' title='bbox 904 1461 991 1490; x_wconf 83' lang='lat' dir='ltr'>denda</span> <span class='ocrx_word' id='word_1_613' title='bbox 1002 1462 1045 1499; x_wconf 84' lang='lat' dir='ltr'>sit,</span> <span class='ocrx_word' id='word_1_614' title='bbox 1055 1470 1079 1491; x_wconf 85' lang='lat' dir='ltr'>et</span> <span class='ocrx_word' id='word_1_615' title='bbox 1087 1463 1265 1492; x_wconf 78' lang='lat' dir='ltr'>effundendus</span> <span class='ocrx_word' id='word_1_616' title='bbox 1276 1463 1395 1502; x_wconf 72' lang='lat' dir='ltr'>sanguis,</span> <span class='ocrx_word' id='word_1_617' title='bbox 1409 1464 1479 1492; x_wconf 89' lang='lat' dir='ltr'>Hinc</span> <span class='ocrx_word' id='word_1_618' title='bbox 1490 1471 1537 1501; x_wconf 84' lang='lat' dir='ltr'>est,</span> <span class='ocrx_word' id='word_1_619' title='bbox 1550 1465 1622 1503; x_wconf 82' lang='lat' dir='ltr'>quod</span> 
     </span>
     <span class='ocr_line' id='line_1_84' title="bbox 904 1508 1621 1549; baseline 0.006 -13"><span class='ocrx_word' id='word_1_620' title='bbox 904 1508 965 1536; x_wconf 87' lang='lat' dir='ltr'>talis</span> <span class='ocrx_word' id='word_1_621' title='bbox 976 1508 1055 1537; x_wconf 78' lang='lat' dir='ltr'>etiam</span> <span class='ocrx_word' id='word_1_622' title='bbox 1069 1516 1094 1537; x_wconf 85' lang='lat' dir='ltr'>et</span> <span class='ocrx_word' id='word_1_623' title='bbox 1108 1509 1242 1549; x_wconf 78' lang='lat' dir='ltr'>tyrannis,</span> <span class='ocrx_word' id='word_1_624' title='bbox 1259 1517 1283 1538; x_wconf 89' lang='lat' dir='ltr'>et</span> <span class='ocrx_word' id='word_1_625' title='bbox 1293 1510 1414 1548; x_wconf 80' lang='lat' dir='ltr'>regibus,</span> <span class='ocrx_word' id='word_1_626' title='bbox 1430 1517 1454 1538; x_wconf 90' lang='lat' dir='ltr'>et</span> <span class='ocrx_word' id='word_1_627' title='bbox 1466 1510 1584 1549; x_wconf 84' lang='lat' dir='ltr'>populis,</span> <span class='ocrx_word' id='word_1_628' title='bbox 1595 1518 1621 1540; x_wconf 77' lang='lat' dir='ltr'>et</span> 
     </span>
     <span class='ocr_line' id='line_1_85' title="bbox 903 1553 1619 1594; baseline 0.004 -12"><span class='ocrx_word' id='word_1_629' title='bbox 903 1553 1028 1583; x_wconf 86' lang='lat' dir='ltr'>omnibus</span> <span class='ocrx_word' id='word_1_630' title='bbox 1043 1556 1175 1594; x_wconf 82' lang='lat' dir='ltr'>potentior</span> <span class='ocrx_word' id='word_1_631' title='bbox 1187 1562 1226 1584; x_wconf 87' lang='lat' dir='ltr'>est</span> <span class='ocrx_word' id='word_1_632' title='bbox 1249 1566 1280 1584; x_wconf 85' lang='lat' dir='ltr'>ac</span> <span class='ocrx_word' id='word_1_633' title='bbox 1304 1555 1396 1586; x_wconf 83' lang='lat' dir='ltr'>ditior.</span> <span class='ocrx_word' id='word_1_634' title='bbox 1413 1556 1447 1584; x_wconf 89' lang='lat' dir='ltr'>Et</span> <span class='ocrx_word' id='word_1_635' title='bbox 1465 1563 1495 1584; x_wconf 86' lang='lat' dir='ltr'>ut</span> <span class='ocrx_word' id='word_1_636' title='bbox 1509 1556 1599 1585; x_wconf 80' lang='lat' dir='ltr'>discas</span> <span class='ocrx_word' id='word_1_637' title='bbox 1610 1579 1619 1594; x_wconf 88' lang='lat'><em>‚</em></span> 
     </span>
     <span class='ocr_line' id='line_1_86' title="bbox 904 1600 1619 1638; baseline 0.004 -10"><span class='ocrx_word' id='word_1_638' title='bbox 904 1600 975 1638; x_wconf 91' lang='lat' dir='ltr'>quod</span> <span class='ocrx_word' id='word_1_639' title='bbox 998 1610 1058 1629; x_wconf 71' lang='lat' dir='ltr'>vere</span> <span class='ocrx_word' id='word_1_640' title='bbox 1074 1601 1140 1638; x_wconf 64' lang='lat' dir='ltr'>liceo,</span> <span class='ocrx_word' id='word_1_641' title='bbox 1155 1608 1180 1630; x_wconf 85' lang='lat' dir='ltr'>et</span> <span class='ocrx_word' id='word_1_642' title='bbox 1193 1612 1245 1630; x_wconf 88' lang='lat' dir='ltr'>non</span> <span class='ocrx_word' id='word_1_643' title='bbox 1264 1601 1405 1630; x_wconf 81' lang='lat' dir='ltr'>adulanter</span> <span class='ocrx_word' id='word_1_644' title='bbox 1421 1602 1473 1630; x_wconf 89' lang='lat' dir='ltr'>sint</span> <span class='ocrx_word' id='word_1_645' title='bbox 1493 1601 1575 1636; x_wconf 81' lang='lat' dir='ltr'>dicta,</span> <span class='ocrx_word' id='word_1_646' title='bbox 1593 1609 1619 1631; x_wconf 87' lang='lat' dir='ltr'>et</span> 
     </span>
     <span class='ocr_line' id='line_1_87' title="bbox 902 1646 1618 1686; baseline 0.003 -12"><span class='ocrx_word' id='word_1_647' title='bbox 902 1646 974 1684; x_wconf 91' lang='lat' dir='ltr'>quod</span> <span class='ocrx_word' id='word_1_648' title='bbox 987 1646 1033 1684; x_wconf 87' lang='lat' dir='ltr'>qui</span> <span class='ocrx_word' id='word_1_649' title='bbox 1047 1647 1115 1675; x_wconf 82' lang='lat' dir='ltr'>niliil</span> <span class='ocrx_word' id='word_1_650' title='bbox 1140 1647 1291 1686; x_wconf 79' lang='lat' dir='ltr'>possident,</span> <span class='ocrx_word' id='word_1_651' title='bbox 1307 1647 1334 1675; x_wconf 90' lang='lat' dir='ltr'>hi</span> <span class='ocrx_word' id='word_1_652' title='bbox 1350 1647 1471 1676; x_wconf 88' lang='lat' dir='ltr'>omnium</span> <span class='ocrx_word' id='word_1_653' title='bbox 1485 1647 1618 1676; x_wconf 85' lang='lat' dir='ltr'>liberrimi</span> 
     </span>
     <span class='ocr_line' id='line_1_88' title="bbox 902 1693 1619 1734; baseline 0.003 -13"><span class='ocrx_word' id='word_1_654' title='bbox 902 1693 956 1721; x_wconf 85' lang='lat' dir='ltr'>sint</span> <span class='ocrx_word' id='word_1_655' title='bbox 977 1693 1012 1721; x_wconf 82' lang='lat' dir='ltr'>ad</span> <span class='ocrx_word' id='word_1_656' title='bbox 1027 1693 1191 1731; x_wconf 84' lang='lat' dir='ltr'>loquendum</span> <span class='ocrx_word' id='word_1_657' title='bbox 1203 1706 1209 1721; x_wconf 71' lang='grc' dir='ltr'>ι</span> <span class='ocrx_word' id='word_1_658' title='bbox 1220 1701 1284 1732; x_wconf 88' lang='lat' dir='ltr'>quot</span> <span class='ocrx_word' id='word_1_659' title='bbox 1298 1693 1396 1722; x_wconf 82' lang='lat' dir='ltr'>divites</span> <span class='ocrx_word' id='word_1_660' title='bbox 1416 1701 1490 1722; x_wconf 89' lang='lat' dir='ltr'>erant</span> <span class='ocrx_word' id='word_1_661' title='bbox 1501 1701 1619 1734; x_wconf 84' lang='lat' dir='ltr'>tempore</span> 
     </span>
     <span class='ocr_line' id='line_1_89' title="bbox 902 1739 1616 1780; baseline 0.004 -13"><span class='ocrx_word' id='word_1_662' title='bbox 902 1739 1027 1777; x_wconf 82' lang='lat' dir='ltr'>Herodis,</span> <span class='ocrx_word' id='word_1_663' title='bbox 1038 1746 1104 1777; x_wconf 87' lang='lat' dir='ltr'>quot</span> <span class='ocrx_word' id='word_1_664' title='bbox 1118 1740 1256 1779; x_wconf 72' lang='lat' dir='ltr'>potentes?</span> <span class='ocrx_word' id='word_1_665' title='bbox 1271 1747 1296 1768; x_wconf 89' lang='lat' dir='ltr'>et</span> <span class='ocrx_word' id='word_1_666' title='bbox 1306 1740 1366 1778; x_wconf 87' lang='lat' dir='ltr'>quis</span> <span class='ocrx_word' id='word_1_667' title='bbox 1376 1740 1403 1769; x_wconf 88' lang='lat' dir='ltr'>in</span> <span class='ocrx_word' id='word_1_668' title='bbox 1418 1740 1537 1769; x_wconf 85' lang='lat' dir='ltr'>medium</span> <span class='ocrx_word' id='word_1_669' title='bbox 1551 1751 1616 1780; x_wconf 85' lang='lat' dir='ltr'>pro·</span> 
     </span>
     <span class='ocr_line' id='line_1_90' title="bbox 901 1785 1618 1825; baseline 0.001 -12"><span class='ocrx_word' id='word_1_670' title='bbox 901 1785 994 1825; x_wconf 76' lang='lat' dir='ltr'>rupit?</span> <span class='ocrx_word' id='word_1_671' title='bbox 1007 1785 1066 1824; x_wconf 87' lang='lat' dir='ltr'>quis</span> <span class='ocrx_word' id='word_1_672' title='bbox 1085 1792 1230 1825; x_wconf 84' lang='lat' dir='ltr'>tyrannum</span> <span class='ocrx_word' id='word_1_673' title='bbox 1243 1785 1413 1825; x_wconf 74' lang='lat' dir='ltr'>increpavit?</span> <span class='ocrx_word' id='word_1_674' title='bbox 1426 1788 1485 1824; x_wconf 88' lang='lat' dir='ltr'>quis</span> <span class='ocrx_word' id='word_1_675' title='bbox 1495 1793 1618 1816; x_wconf 79' lang='lat' dir='ltr'>contem—</span> 
     </span>
     <span class='ocr_line' id='line_1_91' title="bbox 901 1831 1616 1870; baseline 0.001 -10"><span class='ocrx_word' id='word_1_676' title='bbox 901 1839 941 1860; x_wconf 81' lang='lat' dir='ltr'>tas</span> <span class='ocrx_word' id='word_1_677' title='bbox 955 1832 1025 1870; x_wconf 84' lang='lat' dir='ltr'>leges</span> <span class='ocrx_word' id='word_1_678' title='bbox 1040 1831 1090 1860; x_wconf 88' lang='lat' dir='ltr'>Dei</span> <span class='ocrx_word' id='word_1_679' title='bbox 1104 1831 1177 1860; x_wconf 87' lang='lat' dir='ltr'>ultus</span> <span class='ocrx_word' id='word_1_680' title='bbox 1189 1832 1248 1860; x_wconf 75' lang='lat' dir='ltr'>est?</span> <span class='ocrx_word' id='word_1_681' title='bbox 1263 1832 1386 1861; x_wconf 78' lang='lat' dir='ltr'>Divitum</span> <span class='ocrx_word' id='word_1_682' title='bbox 1397 1831 1506 1870; x_wconf 89' lang='lat' dir='ltr'>quidem</span> <span class='ocrx_word' id='word_1_683' title='bbox 1513 1833 1616 1867; x_wconf 87' lang='lat' dir='ltr'>nullus,</span> 
     </span>
     <span class='ocr_line' id='line_1_92' title="bbox 902 1877 1617 1917; baseline 0.003 -12"><span class='ocrx_word' id='word_1_684' title='bbox 902 1877 949 1906; x_wconf 88' lang='lat' dir='ltr'>sed</span> <span class='ocrx_word' id='word_1_685' title='bbox 963 1888 1063 1917; x_wconf 84' lang='lat' dir='ltr'>pauper</span> <span class='ocrx_word' id='word_1_686' title='bbox 1073 1877 1118 1905; x_wconf 90' lang='lat' dir='ltr'>ille</span> <span class='ocrx_word' id='word_1_687' title='bbox 1131 1884 1156 1905; x_wconf 89' lang='lat' dir='ltr'>et</span> <span class='ocrx_word' id='word_1_688' title='bbox 1165 1877 1251 1917; x_wconf 84' lang='lat' dir='ltr'>inops,</span> <span class='ocrx_word' id='word_1_689' title='bbox 1261 1878 1308 1916; x_wconf 87' lang='lat' dir='ltr'>qui</span> <span class='ocrx_word' id='word_1_690' title='bbox 1323 1878 1522 1916; x_wconf 84' lang='lat' dir='ltr'>nequelectum,</span> <span class='ocrx_word' id='word_1_691' title='bbox 1532 1889 1617 1916; x_wconf 82' lang='lat' dir='ltr'>neque</span> 
     </span>
     <span class='ocr_line' id='line_1_93' title="bbox 901 1923 1616 1961; baseline 0.001 -10"><span class='ocrx_word' id='word_1_692' title='bbox 901 1933 1030 1959; x_wconf 81' lang='lat' dir='ltr'>inensam,</span> <span class='ocrx_word' id='word_1_693' title='bbox 1046 1933 1130 1960; x_wconf 88' lang='lat' dir='ltr'>neque</span> <span class='ocrx_word' id='word_1_694' title='bbox 1150 1929 1250 1951; x_wconf 81' lang='lat' dir='ltr'>tectum</span> <span class='ocrx_word' id='word_1_695' title='bbox 1270 1923 1384 1951; x_wconf 79' lang='lat' dir='ltr'>habebat</span> <span class='ocrx_word' id='word_1_696' title='bbox 1399 1923 1469 1959; x_wconf 84' lang='lat' dir='ltr'>:ille‚</span> <span class='ocrx_word' id='word_1_697' title='bbox 1489 1923 1616 1961; x_wconf 82' lang='lat' dir='ltr'>inquam,</span> 
     </span>
     <span class='ocr_line' id='line_1_94' title="bbox 901 1967 1616 2008; baseline 0.001 -11"><span class='ocrx_word' id='word_1_698' title='bbox 901 1967 1055 1997; x_wconf 81' lang='lat' dir='ltr'>solitudinis</span> <span class='ocrx_word' id='word_1_699' title='bbox 1063 1968 1342 2005; x_wconf 80' lang='lat' dir='ltr'>inquilinusJoannes,</span> <span class='ocrx_word' id='word_1_700' title='bbox 1352 1968 1396 1996; x_wconf 91' lang='lat' dir='ltr'>ille</span> <span class='ocrx_word' id='word_1_701' title='bbox 1404 1968 1616 2008; x_wconf 84' lang='lat' dir='ltr'>solusetprimus</span> 
     </span>
     <span class='ocr_line' id='line_1_95' title="bbox 901 2013 1614 2053; baseline 0.004 -11"><span class='ocrx_word' id='word_1_702' title='bbox 901 2014 974 2042; x_wconf 87' lang='lat' dir='ltr'>omni</span> <span class='ocrx_word' id='word_1_703' title='bbox 989 2013 1112 2041; x_wconf 83' lang='lat' dir='ltr'>libertate</span> <span class='ocrx_word' id='word_1_704' title='bbox 1126 2021 1273 2053; x_wconf 80' lang='lat' dir='ltr'>tyrannum</span> <span class='ocrx_word' id='word_1_705' title='bbox 1292 2014 1391 2053; x_wconf 83' lang='lat' dir='ltr'>arguit,</span> <span class='ocrx_word' id='word_1_706' title='bbox 1403 2021 1428 2043; x_wconf 92' lang='lat' dir='ltr'>et</span> <span class='ocrx_word' id='word_1_707' title='bbox 1448 2015 1614 2045; x_wconf 81' lang='lat' dir='ltr'>adulterinas</span> 
     </span>
     <span class='ocr_line' id='line_1_96' title="bbox 901 2059 1614 2098; baseline 0.003 -11"><span class='ocrx_word' id='word_1_708' title='bbox 901 2059 1010 2098; x_wconf 79' lang='lat' dir='ltr'>nuptias</span> <span class='ocrx_word' id='word_1_709' title='bbox 1022 2059 1134 2093; x_wconf 76' lang='lat' dir='ltr'>detexit,</span> <span class='ocrx_word' id='word_1_710' title='bbox 1151 2066 1176 2087; x_wconf 91' lang='lat' dir='ltr'>et</span> <span class='ocrx_word' id='word_1_711' title='bbox 1192 2060 1370 2098; x_wconf 83' lang='lat' dir='ltr'>praesentibus</span> <span class='ocrx_word' id='word_1_712' title='bbox 1384 2060 1510 2089; x_wconf 87' lang='lat' dir='ltr'>omnibus</span> <span class='ocrx_word' id='word_1_713' title='bbox 1523 2071 1554 2089; x_wconf 81' lang='lat' dir='ltr'>ac</span> <span class='ocrx_word' id='word_1_714' title='bbox 1566 2072 1614 2089; x_wconf 82' lang='lat' dir='ltr'>au-</span> 
     </span>
     <span class='ocr_line' id='line_1_97' title="bbox 899 2104 1614 2143; baseline 0.006 -11"><span class='ocrx_word' id='word_1_715' title='bbox 899 2104 1035 2133; x_wconf 86' lang='lat' dir='ltr'>dientibus</span> <span class='ocrx_word' id='word_1_716' title='bbox 1048 2105 1218 2143; x_wconf 84' lang='lat' dir='ltr'>pronuntiata</span> <span class='ocrx_word' id='word_1_717' title='bbox 1235 2105 1360 2134; x_wconf 81' lang='lat' dir='ltr'>sententia</span> <span class='ocrx_word' id='word_1_718' title='bbox 1375 2116 1436 2134; x_wconf 88' lang='lat' dir='ltr'>eum</span> <span class='ocrx_word' id='word_1_719' title='bbox 1451 2106 1614 2136; x_wconf 84' lang='lat' dir='ltr'>condemna-</span> 
     </span>
     <span class='ocr_line' id='line_1_98' title="bbox 900 2150 1614 2191; baseline 0.003 -12"><span class='ocrx_word' id='word_1_720' title='bbox 900 2150 997 2179; x_wconf 63' lang='lat' dir='ltr'>x⁴it.Et</span> <span class='ocrx_word' id='word_1_721' title='bbox 1011 2157 1073 2178; x_wconf 76' lang='lat' dir='ltr'>ante</span> <span class='ocrx_word' id='word_1_722' title='bbox 1093 2150 1165 2178; x_wconf 89' lang='lat' dir='ltr'>hunc</span> <span class='ocrx_word' id='word_1_723' title='bbox 1180 2161 1293 2189; x_wconf 82' lang='lat' dir='ltr'>magnus</span> <span class='ocrx_word' id='word_1_724' title='bbox 1314 2161 1420 2189; x_wconf 88' lang='lat' dir='ltr'>quoque</span> <span class='ocrx_word' id='word_1_725' title='bbox 1441 2151 1549 2190; x_wconf 80' lang='lat' dir='ltr'>Helias,</span> <span class='ocrx_word' id='word_1_726' title='bbox 1568 2154 1614 2191; x_wconf 90' lang='lat' dir='ltr'>qui</span> 
     </span>
     <span class='ocr_line' id='line_1_99' title="bbox 900 2196 1615 2238; baseline 0.006 -14"><span class='ocrx_word' id='word_1_727' title='bbox 900 2196 970 2225; x_wconf 89' lang='lat' dir='ltr'>nihil</span> <span class='ocrx_word' id='word_1_728' title='bbox 994 2203 1091 2236; x_wconf 79' lang='lat' dir='ltr'>praeter</span> <span class='ocrx_word' id='word_1_729' title='bbox 1115 2196 1230 2225; x_wconf 86' lang='lat' dir='ltr'>meloten</span> <span class='ocrx_word' id='word_1_730' title='bbox 1256 2197 1427 2237; x_wconf 80' lang='lat' dir='ltr'>possidebat,</span> <span class='ocrx_word' id='word_1_731' title='bbox 1451 2197 1566 2238; x_wconf 87' lang='lat' dir='ltr'>impium</span> <span class='ocrx_word' id='word_1_732' title='bbox 1589 2207 1615 2228; x_wconf 88' lang='lat' dir='ltr'>et</span> 
     </span>
     <span class='ocr_line' id='line_1_100' title="bbox 900 2242 1615 2282; baseline 0.004 -12"><span class='ocrx_word' id='word_1_733' title='bbox 900 2242 1131 2282; x_wconf 68' lang='lat' dir='ltr'>praevaricatorem</span> <span class='ocrx_word' id='word_1_734' title='bbox 1162 2242 1242 2271; x_wconf 89' lang='lat' dir='ltr'>illum</span> <span class='ocrx_word' id='word_1_735' title='bbox 1270 2243 1363 2271; x_wconf 80' lang='lat' dir='ltr'>Achab</span> <span class='ocrx_word' id='word_1_736' title='bbox 1399 2244 1471 2273; x_wconf 85' lang='lat' dir='ltr'>solus</span> <span class='ocrx_word' id='word_1_737' title='bbox 1497 2244 1615 2273; x_wconf 65' lang='lat' dir='ltr'>viriliter</span> 
     </span>
     <span class='ocr_line' id='line_1_101' title="bbox 900 2287 1613 2327; baseline 0.006 -12"><span class='ocrx_word' id='word_1_738' title='bbox 900 2287 1041 2327; x_wconf 85' lang='lat' dir='ltr'>corripuit.</span> <span class='ocrx_word' id='word_1_739' title='bbox 1057 2288 1132 2316; x_wconf 76' lang='lat' dir='ltr'>Nihil</span> <span class='ocrx_word' id='word_1_740' title='bbox 1146 2288 1219 2317; x_wconf 89' lang='lat' dir='ltr'>enim</span> <span class='ocrx_word' id='word_1_741' title='bbox 1232 2288 1360 2326; x_wconf 86' lang='lat' dir='ltr'>loquendi</span> <span class='ocrx_word' id='word_1_742' title='bbox 1371 2289 1530 2325; x_wconf 78' lang='lat' dir='ltr'>libertatem,</span> <span class='ocrx_word' id='word_1_743' title='bbox 1545 2298 1570 2319; x_wconf 86' lang='lat' dir='ltr'>et</span> <span class='ocrx_word' id='word_1_744' title='bbox 1586 2291 1613 2319; x_wconf 92' lang='lat' dir='ltr'>in</span> 
     </span>
     <span class='ocr_line' id='line_1_102' title="bbox 900 2333 1614 2374; baseline 0.004 -12"><span class='ocrx_word' id='word_1_745' title='bbox 900 2344 990 2362; x_wconf 87' lang='lat' dir='ltr'>rerum</span> <span class='ocrx_word' id='word_1_746' title='bbox 1003 2333 1159 2362; x_wconf 87' lang='lat' dir='ltr'>discrimine</span> <span class='ocrx_word' id='word_1_747' title='bbox 1169 2333 1298 2363; x_wconf 81' lang='lat' dir='ltr'>fiduciam</span> <span class='ocrx_word' id='word_1_748' title='bbox 1312 2335 1350 2363; x_wconf 79' lang='lat' dir='ltr'>ita</span> <span class='ocrx_word' id='word_1_749' title='bbox 1359 2335 1469 2374; x_wconf 66' lang='lat' dir='ltr'>praebet,</span> <span class='ocrx_word' id='word_1_750' title='bbox 1487 2335 1556 2364; x_wconf 85' lang='lat' dir='ltr'>nihil</span> <span class='ocrx_word' id='word_1_751' title='bbox 1565 2336 1614 2365; x_wconf 88' lang='lat' dir='ltr'>ho-</span> 
     </span>
     <span class='ocr_line' id='line_1_103' title="bbox 901 2379 1613 2421; baseline 0.003 -13"><span class='ocrx_word' id='word_1_752' title='bbox 901 2380 985 2409; x_wconf 87' lang='lat' dir='ltr'>mines</span> <span class='ocrx_word' id='word_1_753' title='bbox 998 2379 1064 2409; x_wconf 82' lang='lat' dir='ltr'>adeo</span> <span class='ocrx_word' id='word_1_754' title='bbox 1074 2380 1191 2408; x_wconf 88' lang='lat' dir='ltr'>munitos</span> <span class='ocrx_word' id='word_1_755' title='bbox 1201 2386 1227 2408; x_wconf 89' lang='lat' dir='ltr'>et</span> <span class='ocrx_word' id='word_1_756' title='bbox 1238 2380 1317 2409; x_wconf 81' lang='lat' dir='ltr'>sortes</span> <span class='ocrx_word' id='word_1_757' title='bbox 1327 2380 1418 2417; x_wconf 83' lang='lat' dir='ltr'>efficit,</span> <span class='ocrx_word' id='word_1_758' title='bbox 1429 2388 1458 2409; x_wconf 90' lang='lat' dir='ltr'>ut</span> <span class='ocrx_word' id='word_1_759' title='bbox 1471 2381 1539 2409; x_wconf 89' lang='lat' dir='ltr'>nihil</span> <span class='ocrx_word' id='word_1_760' title='bbox 1550 2392 1613 2421; x_wconf 86' lang='lat' dir='ltr'>pos-</span> 
     </span>
     <span class='ocr_line' id='line_1_104' title="bbox 901 2425 1612 2465; baseline 0.001 -11"><span class='ocrx_word' id='word_1_761' title='bbox 901 2426 997 2462; x_wconf 88' lang='lat' dir='ltr'>sidere,</span> <span class='ocrx_word' id='word_1_762' title='bbox 1012 2432 1037 2454; x_wconf 85' lang='lat' dir='ltr'>et</span> <span class='ocrx_word' id='word_1_763' title='bbox 1051 2425 1132 2454; x_wconf 89' lang='lat' dir='ltr'>nullis</span> <span class='ocrx_word' id='word_1_764' title='bbox 1146 2425 1317 2454; x_wconf 62' lang='lat' dir='ltr'>saecularibus</span> <span class='ocrx_word' id='word_1_765' title='bbox 1337 2426 1512 2456; x_wconf 80' lang='lat' dir='ltr'>circumvolvi</span> <span class='ocrx_word' id='word_1_766' title='bbox 1529 2437 1612 2465; x_wconf 72' lang='lat' dir='ltr'>nego-</span> 
     </span>
     <span class='ocr_line' id='line_1_105' title="bbox 902 2471 1613 2510; baseline 0 -10"><span class='ocrx_word' id='word_1_767' title='bbox 902 2472 955 2501; x_wconf 89' lang='lat' dir='ltr'>tiis.</span> <span class='ocrx_word' id='word_1_768' title='bbox 975 2473 1064 2510; x_wconf 87' lang='lat' dir='ltr'>Atque</span> <span class='ocrx_word' id='word_1_769' title='bbox 1089 2471 1155 2500; x_wconf 80' lang='lat' dir='ltr'>adeo</span> <span class='ocrx_word' id='word_1_770' title='bbox 1170 2495 1176 2509; x_wconf 78' lang='lat'>⁷</span> <span class='ocrx_word' id='word_1_771' title='bbox 1207 2471 1228 2500; x_wconf 82' lang='lat' dir='ltr'>si</span> <span class='ocrx_word' id='word_1_772' title='bbox 1256 2471 1315 2510; x_wconf 88' lang='lat' dir='ltr'>quis</span> <span class='ocrx_word' id='word_1_773' title='bbox 1343 2473 1469 2502; x_wconf 82' lang='lat' dir='ltr'>virtutem</span> <span class='ocrx_word' id='word_1_774' title='bbox 1500 2473 1613 2502; x_wconf 79' lang='lat' dir='ltr'>multam</span> 
     </span>
    </p>
   </div>
  </div>
 </body>
</html>
