1758 2814
768 144 949 168 t‘ttffiffiA't'tO.
1579 151 1592 170 Y
1603 152 1622 172 tt

89 209 181 237 Gainae
193 209 218 237 in
233 208 348 237 Thracia
365 208 497 244 hostiliter
506 208 607 245 agentis
622 207 845 243 obteinlentibus5
862 206 1104 245 prol'eetioiwmque
1119 206 1225 235 distulit
1238 207 1263 235 iu
1279 208 1340 236 anni
1355 211 1488 246 sequentis
1502 212 1618 244 initium.

87 261 226 292 postquam
239 254 387 283 Antoninus
401 266 415 283 e
426 254 495 282 vivis
509 261 664 282 excesserat.
678 255 707 283 ln
725 253 786 282 Asia
803 263 864 282 vero
883 252 945 291 plus
965 262 1045 289 quam
1059 258 1164 280 eentum
1177 252 1245 290 dics,
1261 260 1289 281 ut
1301 254 1356 293 ipse
1367 255 1413 289 ait,
1429 266 1616 289 ronuuoraius,

86 299 250 328 Simoniaeos
263 299 466 335 destituit,.·1lios
478 300 503 328 in
516 311 606 328 eorum
621 300 708 328 locum
717 299 865 328 ordinavit:
876 309 909 326 ex
919 298 1017 335 quihus
1031 305 1101 326 recte
1116 305 1140 326 et
1150 298 1296 327 seeundum
1320 301 1528 330 ecclesiasticum
1540 304 1618 332 ritum

86 345 236 374 constitutis
247 346 396 374 occasiones
409 346 571 374 criminandi
585 347 754 385 arripuerunt
767 346 824 383 ejus
838 344 993 378 adversarii,
1004 343 1065 381 quia
1080 344 1209 371 nimirum
1226 344 1292 372 nihil
1323 353 1361 373 est
1378 347 1442 383 quin
1461 348 1529 375 male
1554 361 1617 378 nar-

86 390 169 419 rando
185 391 266 430 possit
279 391 460 431 dcpravarier.
477 392 608 420 Postridie
622 402 743 429 quamex
756 391 816 419 Asia
831 390 944 418 redierat
955 390 1008 424 ille,
1019 389 1171 418 concionem
1188 390 1279 419 habuit
1294 391 1326 419 ad
1346 393 1475 431 populum
1493 395 1621 424 Constan—

87 436 300 475 tinopolitaiium,
314 445 371 476 post
383 438 482 465 Pascha
499 438 560 465 anui
573 439 624 465 ,401
634 460 641 471 ,
659 438 734 476 eujus
747 435 990 475 interpretationem
1006 442 1108 463 tantum
1122 436 1243 464 Latinam
1259 437 1398 466 habemus.

127 483 297 518 Severianus,
312 483 452 522 episeopus
473 484 640 512 (iahalorum
654 484 680 511 in
702 483 791 522 Syria,
816 483 895 510 honio
908 481 992 517 vafer,
1009 491 1056 508 nee
1070 480 1194 519 elinguis,
1210 483 1439 524 Constantinopoli
1454 493 1516 515 tune
1529 499 1620 525 agens,

87 528 219 557 simulatis
231 529 562 569 obsequiis,(]hrysostomi
577 529 722 557 amicitiam
735 529 785 557 sibi
795 527 991 557 conciliaverat.
1007 526 1058 555 Sed
1068 534 1207 566 postquam
1218 528 1261 557 hic
1273 529 1298 557 iu
1309 530 1397 558 Asiam
1410 533 1544 570 profectus
1557 542 1621 568 erat,

86 574 170 612 posita
184 575 268 611 larva,
278 576 406 614 populum
416 575 619 611 sibidevincire,
628 576 740 614 ejusque
751 574 840 603 studia
849 586 862 601 a
875 573 1066 611 Chrysostomo
1074 581 1192 601 avertere
1200 576 1344 611 satagebat.
1356 578 1498 615 Postquam
1510 580 1622 608 redierat

88 619 378 659 Clnysostonnis,cum
402 620 481 648 verba
499 620 634 658 impietate
649 619 725 658 plena
750 620 904 659 protulisset
919 618 1089 653 SeverianUS,
1118 620 1297 649 tumultuante
1318 622 1383 650 etin
1403 623 1470 652 iram
1492 626 1622 654 concitato

86 666 187 704 populo
204 666 296 704 pulsus
310 673 356 694 est.
380 665 484 694 Deinde
502 672 609 693 curante
626 665 750 693 Eudoxia
767 667 886 703 Augusta
907 672 932 693 et
954 665 1011 704 ipso
1035 665 1158 702 Arcadio,
1174 667 1350 696 consentiente
1363 680 1547 707 quoquewgre
1562 671 1623 700 lieet

88 712 290 751 Chrysostomo,
308 712 332 739 in
345 711 436 739 urbem
449 710 582 739 admissus
598 718 644 740 est.
667 711 698 739 In
713 712 829 740 adventu
845 712 911 750 ejus,
939 718 966 739 ut
985 718 1153 750 exasperatos
1179 712 1204 740 in
1222 714 1395 743 Severianum
1412 717 1505 755 populi
1520 718 1622 746 animos

86 757 220 794 mitigaret
235 757 452 796 Chrysostomus,
463 756 616 785 concionem
631 756 663 785 ad
676 758 807 796 populum
822 757 1008 786 brevissimam
1021 757 1124 794 hahuit,
1139 769 1219 795 quam
1230 759 1324 788 Latine
1334 768 1436 789 tantum
1451 764 1621 801 protulimus,

85 803 157 841 quod
172 804 266 831 Graeca
284 803 440 831 interierint.
456 802 582 841 Sequenti
602 803 682 831 etiam
697 803 741 832 die
761 803 920 833 Severianus
938 803 1057 831 breviter
1070 803 1199 842 populum
1212 805 1377 844 alloquutus,
1395 809 1622 846 magnificentior-‘1

87 859 167 886 quam
181 848 323 877 sinceriora
334 848 366 877 de
380 849 547 877 reconciliata
562 860 626 888 pace
636 849 718 878 verba
730 849 842 889 protulit
853 861 859 877 ς
870 849 1041 887 luecquoque
1055 850 1139 878 oratio
1150 850 1243 881 Latine
1254 858 1357 882 tantum
1367 853 1482 884 habetur
1494 868 1499 883 :
1511 864 1623 895 utraque

83 904 153 923 anno
166 896 219 923 40¹
242 895 331 923 habita
346 895 404 923 suit.

124 940 186 969 llice
203 952 249 969 ceu
266 941 396 980 praeludia
407 943 480 970 suere
495 952 598 977 eorum,
616 953 674 981 qnae
689 949 749 971 ante
761 942 887 972 exsilium
900 942 1088 982 Chrysostomi
1104 952 1257 974 evenerunt.
1274 946 1343 975 Nam
1358 958 1419 976 cum
1435 948 1490 987 ipse
1504 950 1624 979 ecelesia-

85 986 177 1015 sticam
188 986 368 1026 disciplinam,
384 988 613 1027 Constantinopoli
625 988 723 1016 mirum
735 989 761 1017 in
776 989 884 1017 modum
899 989 972 1027 apud
986 988 1134 1018 sacerdotes
1149 990 1328 1030 diaconosque
1337 994 1454 1022 maxime
1466 995 1621 1035 collapsam,

84 1033 222 1061 restituere
237 1040 357 1068 tentaret,
374 1033 400 1062 in
414 1034 521 1062 illorum
550 1034 665 1063 incurrit
685 1034 795 1072 odiumJ
811 1034 942 1064 Eudoxias
960 1046 1066 1073 quoqne
1080 1038 1204 1075 Augustae
1215 1038 1347 1075 animum,
1361 1050 1391 1068 eo
1405 1041 1487 1078 quod,
1499 1049 1526 1069 ut
1541 1042 1624 1081 ipsius

83 1078 203 1107 osticium
217 1080 381 1118 postulabat,
395 1080 547 1119 principum
563 1081 642 1109 etiam
655 1081 720 1110 vitia
734 1081 881 1117 incesseret,
904 1081 1072 1120 exasperavit
1085 1093 1091 1108 τ
1108 1082 1292 1122 Theophilum
1310 1085 1535 1123 Alexandrinum,
1552 1088 1623 1126 qnod

88 1125 192 1153 Fratres
205 1125 307 1163 longos,
323 1132 352 1153 ut
364 1125 504 1160 vocabant,
517 1125 661 1154 humanius
673 1127 830 1166 excepisset,
843 1127 899 1165 jam
914 1134 989 1155 antea
998 1127 1142 1164 insensum,
1158 1129 1327 1159 infensiorem
1340 1131 1390 1159 sibi
1406 1132 1534 1161 reddidit.
1546 1134 1624 1162 Hisce

87 1171 212 1199 omnihus
227 1171 337 1199 demum
351 1171 509 1210 conspiratis
523 1171 670 1200 factionum
683 1172 814 1211 partibus,
830 1172 857 1200 in
870 1172 1079 1212 pseudosynodo
1101 1174 1309 1204 Chalcedonensi
1320 1176 1456 1215 depositus
1469 1179 1519 1207 suit
1535 1180 1623 1218 Chry—

86 1223 217 1245 sostomns
228 1227 297 1245 anno
311 1217 379 1254 [505.
389 1217 539 1256 ihre-porro
554 1218 642 1246 omnia
666 1218 709 1246 hic
720 1218 878 1247 brevissime
891 1226 1087 1258 reprsesentata‚
1111 1220 1272 1259 longissima:
1287 1222 1403 1251 historiae
1417 1225 1554 1253 materiam
1563 1236 1624 1265 sup-

89 1261 248 1301 peditabunt
262 1262 288 1290 in
306 1262 370 1291 Vita
383 1262 577 1301 Chrysostomi.
589 1263 732 1300 Postquam
742 1274 804 1301 ergo
814 1263 952 1303 depositus
962 1265 1054 1301 suerat,
1070 1273 1211 1304 antequam
1224 1267 1249 1295 in
1265 1268 1353 1296 exsilii
1368 1269 1457 1298 locum
1471 1270 1623 1310 deportare-

85 1314 140 1345 tur,
150 1308 301 1337 concionem
314 1307 420 1346 habuit,
435 1315 517 1346 quam
532 1319 546 1336 a
566 1309 683 1347 Georgio
699 1309 881 1338 Alexandrino
891 1310 917 1337 in
928 1310 991 1339 Vita
1009 1311 1091 1350 ipsius
1110 1312 1295 1351 Chrysostomi
1311 1322 1493 1344 conservatam
1505 1316 1622 1352 edimus,

86 1354 195 1393 ejusque
204 1361 363 1393 postremam
378 1361 490 1393 partem,
520 1361 548 1382 nt
561 1361 711 1394 suspectam
731 1355 773 1383 vel
788 1355 881 1384 saltem
905 1355 1027 1384 vitiatam
1047 1357 1143 1385 damus
1157 1370 1162 1385 z
1179 1358 1490 1399 huicquesubjungimus
1508 1369 1624 1391 veterem

86 1400 329 1439 interpretationem
342 1400 477 1437 Latinam,
493 1400 519 1428 in
537 1411 589 1438 qua
604 1411 665 1440 pars
686 1400 733 1429 illa
748 1401 841 1429 vitiata
866 1412 917 1429 non
932 1402 1057 1431 occurrit.
1083 1403 1170 1431 Aliam
1185 1404 1284 1443 pariter
1299 1405 1424 1434 addimus
1438 1417 1471 1435 cx
1483 1408 1623 1438 Vaticanis

86 1445 233 1475 codicibus
247 1453 394 1486 exceptam,
410 1457 469 1485 qnae
485 1446 566 1474 etiam
578 1446 725 1475 temerariis
738 1447 913 1476 librariorum
927 1448 1036 1476 ausibus
1046 1448 1139 1477 vitiata
1153 1450 1214 1478 fuit.

127 1492 255 1531 Populus,
268 1503 320 1530 quo
332 1500 496 1531 repugnante
510 1499 534 1521 et
550 1492 706 1521 violentiam
727 1493 885 1532 propulsare
901 1493 1008 1530 nitente,
1028 1494 1114 1523 libens
1135 1495 1267 1524 abductus
1293 1497 1378 1525 suerat
1400 1498 1620 1538 Chrysostomus,

86 1545 145 1578 post
156 1539 213 1577 ejus
228 1538 416 1577 profectionem
438 1538 523 1577 magis
538 1538 675 1577 magisque
691 1538 718 1567 in
734 1540 801 1567 iram
821 1539 968 1568 concitatus
980 1540 1177 1569 vociferabatur
1194 1542 1259 1570 etad
1276 1542 1462 1582 imperatorias
1477 1545 1545 1573 :edes
1568 1547 1623 1585 epi-

88 1584 160 1623 scopi
173 1584 213 1613 sui
228 1583 344 1612 reditum
356 1583 509 1623 postulabat
522 1596 528 1610 :
541 1584 700 1622 interimque
712 1591 787 1613 terrae
797 1592 869 1614 motu
880 1585 1009 1624 palatium
1017 1587 1193 1622 concutiente,
1208 1587 1333 1617 Eudoxia
1350 1591 1468 1627 Angusta
1482 1593 1621 1629 perterrita

85 1637 207 1659 sanctum
221 1630 361 1669 praesulem
368 1629 549 1658 reducendum
559 1630 671 1659 curavit.
685 1631 781 1659 Rcdux
791 1641 854 1660 vero
869 1632 1077 1671 Chrysostomus
1089 1634 1298 1673 extemporalem
1312 1635 1408 1664 habuit
1417 1637 1620 1666 Oratiunculam

86 1687 167 1715 quam
179 1676 273 1705 Graece
298 1683 321 1704 et
336 1675 428 1704 Latine
450 1675 558 1714 damus,
574 1676 756 1715 postridieque
770 1677 881 1706 alteram
898 1678 979 1717 paulo
993 1679 1150 1717 longiorem,
1164 1680 1247 1719 priori
1261 1681 1440 1720 subjunctam.
1466 1683 1544 1712 Illam
1559 1695 1622 1713 vero

87 1733 146 1761 quae
163 1721 197 1750 de
212 1722 362 1750 Chananaea
381 1721 545 1757 inscribitur,
562 1722 655 1761 paucis
677 1729 736 1762 post
752 1722 898 1751 adventum
912 1734 991 1752 suum
1006 1723 1102 1753 diebus
1116 1725 1240 1754 habuerit
1251 1737 1354 1756 necesse
1367 1735 1405 1756 est
1419 1740 1424 1755 :
1443 1729 1581 1768 ipsamque
1596 1731 1620 1759 in

85 1768 177 1796 eadem
191 1768 257 1796 serie
271 1767 385 1796 locatam
397 1767 594 1797 vindicavimus
605 1767 639 1796 ab
652 1768 685 1796 iis
699 1768 745 1806 qui
759 1769 819 1808 περὶ
833 1769 1004 1808 γνησιότητος
1015 1770 1174 1808 qtiaestioncs
1194 1779 1347 1809 moverant,
1360 1784 1472 1812 eamque
1491 1782 1519 1803 ut
1531 1787 1622 1815 suspe-

85 1821 154 1843 etam
165 1814 321 1842 habuerant.
334 1813 396 1841 Haec
412 1813 500 1842 omnia
515 1824 583 1842 anno
596 1814 655 1842 405
668 1813 740 1842 dieta
755 1815 838 1843 fuere.

124 1860 172 1888 His
186 1859 360 1899 adjunximus
372 1859 439 1887 duos
455 1859 651 1898 pulcherrimos
665 1859 748 1888 libros
762 1871 877 1898 quorum
890 1861 988 1900 prioris
1005 1861 1100 1890 titulus
1118 1870 1166 1901 cst,
1187 1864 1271 1902 Quod
1296 1876 1378 1893 nemo
1396 1866 1512 1895 laeditur·
1537 1870 1594 1896 nisi
1602 1880 1622 1897 a

83 1909 175 1945 seipso
186 1919 196 1939 ,-
214 1905 367 1945 posterioris
379 1916 453 1941 vero,
468 1905 495 1933 in
505 1905 602 1944 viginti
616 1913 732 1944 quatuor
745 1906 832 1946 capita
840 1906 988 1942 distributi,
999 1908 1053 1936 Ad
1065 1919 1112 1937 eos
1125 1911 1176 1948 qui
1190 1911 1463 1940 scandalizatisunt
1476 1915 1509 1940 ob
1519 1914 1621 1942 adver-

81 1954 182 1980 sitates
191 1959 240 1980 etc.
253 1951 288 1979 Hi
299 1962 362 1980 vero
374 1951 439 1979 libri
453 1950 515 1979 licet
526 1958 585 1990 post
602 1951 699 1980 multas
709 1951 843 1991 Epistolas
853 1952 1039 1992 Chrysostomi
1055 1954 1146 1992 scripti
1157 1955 1254 1983 fuerint
1267 1962 1291 1983 et
1305 1956 1414 1993 quidem
1425 1967 1493 1985 anno
1506 1958 1620 1993 circiter,

82 2004 113 2026 ut
127 2004 247 2036 putatur,
264 1998 332 2032 406,
344 1996 443 2025 cumin
458 1996 554 2025 exsilio
568 2004 666 2036 ageret,
689 1997 751 2035 quia
774 1997 800 2026 in
813 1998 879 2026 serie
893 1998 1077 2037 Epistolarum
1102 2000 1185 2029 locari
1209 2010 1261 2030 non
1276 2008 1407 2040 poterant,
1423 2002 1449 2032 in
1460 2003 1510 2032 hac
1526 2011 1619 2043 quarta

84 2043 165 2071 classe
175 2053 268 2081 agmen
281 2042 419 2080 claudunt,
433 2041 505 2080 quoc'l
516 2043 681 2071 commodior
691 2043 756 2082 ipsis
769 2043 843 2071 locus
853 2043 1001 2081 excogitari
1014 2054 1064 2071 non
1080 2052 1177 2083 posset.

861 2149 880 2187 §
895 2149 944 2177 111.

464 2242 573 2279 Quinta
587 2248 613 2270 et
625 2247 770 2280 postrema
785 2241 897 2279 classis,
915 2251 978 2281 quae
988 2249 1029 2271 est
1042 2244 1252 2282 Epistolarum.

121 2335 195 2364 Inter
209 2334 395 2374 Chrysostomi
418 2345 498 2374 opera
509 2334 579 2363 nihil
590 2334 719 2374 Epistolis
730 2334 882 2374 pretiosius,
897 2334 963 2363 nihil
984 2334 1018 2363 ad
1033 2336 1244 2365 concinnandam
1258 2337 1373 2366 duorum
1387 2338 1544 2369 exsiliorum
1559 2342 1615 2380 ejus

81 2381 220 2409 historiam
239 2380 417 2420 opportunius
431 2392 437 2407 :
452 2391 532 2418 quam
557 2391 619 2409 sane
631 2387 732 2419 partem
745 2380 863 2410 historiae
879 2381 1061 2410 ecelesiasticae
1075 2381 1145 2410 inter
1168 2383 1318 2423 praecipuas
1332 2384 1409 2413 istius
1430 2385 1521 2414 saeculi
1532 2397 1617 2415 annu-

82 2426 239 2455 merandam
253 2436 308 2454 esse
320 2426 435 2463 fatearis,
448 2425 471 2454 si
489 2433 589 2465 spectes
607 2433 706 2464 quanta
722 2427 869 2455 constantia
890 2426 1026 2465 animique
1047 2427 1206 2457 fortitudine
1227 2429 1390 2458 calamitates
1403 2441 1535 2469 nusquam
1551 2432 1615 2460 alibi

82 2478 241 2500 memoratas
262 2471 423 2511 pertulerit:
440 2471 462 2499 si
478 2471 628 2500 consideres
648 2479 746 2510 quanta
769 2472 849 2501 fuerit
869 2472 896 2500 in
918 2472 1075 2511 hujusmodi
1098 2474 1203 2512 negotio
1218 2474 1287 2503 inter
1309 2486 1430 2514 proceres
1442 2476 1567 2505 Ecclesia:
1591 2484 1616 2505 et

81 2517 190 2555 Imperii
205 2517 352 2554 dissensi03
370 2517 430 2545 aliis
440 2517 466 2545 in
479 2517 590 2545 adversa
602 2520 676 2556 parte'
685 2517 835 2556 stantibus3
861 2518 930 2555 aliis,
950 2529 1063 2556 quorum
1080 2519 1204 2559 princeps
1220 2528 1277 2549 erat
1291 2522 1460 2550 Innocentius
1479 2523 1615 2551 Romanus

83 2563 214 2601 pontifex,
229 2563 338 2592 Joannis
351 2562 536 2602 Chrysostomi
549 2573 658 2592 causam
673 2570 779 2597 strenue
796 2564 1036 2605 propugnantibus.
1049 2565 1103 2593 Has
1119 2565 1207 2603 itaque
1225 2566 1359 2606 Epistolas
1373 2575 1469 2606 quanta
1479 2569 1614 2607 potuimus
