<?xml version="1.0" encoding="UTF-8"?>
<!DOCTYPE html PUBLIC "-//W3C//DTD XHTML 1.0 Transitional//EN"
    "http://www.w3.org/TR/xhtml1/DTD/xhtml1-transitional.dtd">
<html xmlns="http://www.w3.org/1999/xhtml" xml:lang="en" lang="en">
 <head>
  <title>
</title>
<meta http-equiv="Content-Type" content="text/html;charset=utf-8" />
  <meta name='ocr-system' content='tesseract 3.04.00' />
  <meta name='ocr-capabilities' content='ocr_page ocr_carea ocr_par ocr_line ocrx_word'/>
</head>
<body>
  <div class='ocr_page' id='page_1' title='image "./operaomniaquaeex03johnuoft/operaomniaquaeex03johnuoft_0495.png"; bbox 0 0 1830 2829; ppageno 0'>
   <div class='ocr_carea' id='block_1_1' title="bbox 312 185 1363 213">
    <p class='ocr_par' dir='ltr' id='par_1_1' title="bbox 312 185 1363 213">
     <span class='ocr_line' id='line_1_1' title="bbox 312 185 1363 213; baseline 0.004 -5"><span class='ocrx_word' id='word_1_1' title='bbox 312 185 455 208; x_wconf 78' lang='lat' dir='ltr'>ttoMtLtA</span> <span class='ocrx_word' id='word_1_2' title='bbox 484 185 527 208; x_wconf 82' lang='lat' dir='ltr'>DE</span> <span class='ocrx_word' id='word_1_3' title='bbox 555 185 664 209; x_wconf 74' lang='lat' dir='ltr'><strong>CAPTO</strong></span> <span class='ocrx_word' id='word_1_4' title='bbox 692 187 858 210; x_wconf 75' lang='lat' dir='ltr'>EUTnomo</span> <span class='ocrx_word' id='word_1_5' title='bbox 887 188 927 210; x_wconf 65' lang='lat' dir='ltr'>lIT</span> <span class='ocrx_word' id='word_1_6' title='bbox 955 187 1151 211; x_wconf 57' lang='lat' dir='ltr'>ntvt&#39;rtsttttnt</span> <span class='ocrx_word' id='word_1_7' title='bbox 1183 189 1363 213; x_wconf 67' lang='lat' dir='ltr'>VANtTt&#39;w.</span> 
     </span>
    </p>
   </div>
   <div class='ocr_carea' id='block_1_2' title="bbox 74 247 842 380">
    <p class='ocr_par' dir='ltr' id='par_1_2' title="bbox 74 247 842 380">
     <span class='ocr_line' id='line_1_2' title="bbox 76 247 841 286; baseline 0.004 -11"><span class='ocrx_word' id='word_1_8' title='bbox 76 248 186 276; x_wconf 57' lang='grc' dir='ltr'>ἕέιλεπον</span> <span class='ocrx_word' id='word_1_9' title='bbox 202 249 258 275; x_wconf 71' lang='grc' dir='ltr'>καθ’</span> <span class='ocrx_word' id='word_1_10' title='bbox 284 248 394 286; x_wconf 82' lang='grc' dir='ltr'>ἡμέραν,</span> <span class='ocrx_word' id='word_1_11' title='bbox 410 248 453 276; x_wconf 80' lang='grc' dir='ltr'>καὶ</span> <span class='ocrx_word' id='word_1_12' title='bbox 468 248 514 276; x_wconf 79' lang='grc' dir='ltr'>οὐκ</span> <span class='ocrx_word' id='word_1_13' title='bbox 529 247 651 276; x_wconf 79' lang='grc' dir='ltr'>ἔπιπτον·</span> <span class='ocrx_word' id='word_1_14' title='bbox 668 250 727 278; x_wconf 80' lang='grc' dir='ltr'>ἀλλ’</span> <span class='ocrx_word' id='word_1_15' title='bbox 752 250 841 285; x_wconf 70' lang='grc' dir='ltr'>ἐπειδὴ</span> 
     </span>
     <span class='ocr_line' id='line_1_3' title="bbox 74 294 842 335; baseline 0.003 -13"><span class='ocrx_word' id='word_1_16' title='bbox 74 294 139 333; x_wconf 69' lang='grc' dir='ltr'>ὑπὲρ</span> <span class='ocrx_word' id='word_1_17' title='bbox 164 294 206 322; x_wconf 69' lang='grc' dir='ltr'>τὸν</span> <span class='ocrx_word' id='word_1_18' title='bbox 233 294 305 329; x_wconf 79' lang='grc' dir='ltr'>ἥλιον</span> <span class='ocrx_word' id='word_1_19' title='bbox 328 295 444 334; x_wconf 72' lang='grc' dir='ltr'>ἔλαμψε,</span> <span class='ocrx_word' id='word_1_20' title='bbox 461 295 505 323; x_wconf 77' lang='grc' dir='ltr'>καὶ</span> <span class='ocrx_word' id='word_1_21' title='bbox 527 295 593 334; x_wconf 75' lang='grc' dir='ltr'>ὑπὲρ</span> <span class='ocrx_word' id='word_1_22' title='bbox 618 295 665 330; x_wconf 60' lang='grc' dir='ltr'>τὴν</span> <span class='ocrx_word' id='word_1_23' title='bbox 692 295 786 335; x_wconf 63' lang='grc' dir='ltr'>χιόνα,</span> <span class='ocrx_word' id='word_1_24' title='bbox 800 295 842 324; x_wconf 68' lang='grc' dir='ltr'>διὰ</span> 
     </span>
     <span class='ocr_line' id='line_1_4' title="bbox 74 341 759 380; baseline 0.004 -12"><span class='ocrx_word' id='word_1_25' title='bbox 74 343 149 368; x_wconf 56' lang='grc' dir='ltr'>τοῦτο</span> <span class='ocrx_word' id='word_1_26' title='bbox 165 353 200 377; x_wconf 65' lang='grc' dir='ltr'>μ,</span> <span class='ocrx_word' id='word_1_27' title='bbox 218 341 336 380; x_wconf 64' lang='grc' dir='ltr'>φέροντες</span> <span class='ocrx_word' id='word_1_28' title='bbox 352 341 399 375; x_wconf 68' lang='grc' dir='ltr'>τὴν</span> <span class='ocrx_word' id='word_1_29' title='bbox 414 341 570 378; x_wconf 69' lang='grc' dir='ltr'>λαμπηδόνα</span> <span class='ocrx_word' id='word_1_30' title='bbox 581 364 588 375; x_wconf 86' lang='lat'>‚</span> <span class='ocrx_word' id='word_1_31' title='bbox 604 342 759 371; x_wconf 71' lang='grc' dir='ltr'>κατέπεσον.</span> 
     </span>
    </p>
   </div>
   <div class='ocr_carea' id='block_1_3' title="bbox 113 657 875 701">
    <p class='ocr_par' dir='ltr' id='par_1_3' title="bbox 113 657 875 701">
     <span class='ocr_line' id='line_1_5' title="bbox 113 657 875 701; baseline 0 -11"><span class='ocrx_word' id='word_1_32' title='bbox 113 662 180 690; x_wconf 74' lang='grc' dir='ltr'>Εἰπέ</span> <span class='ocrx_word' id='word_1_33' title='bbox 199 673 243 700; x_wconf 86' lang='grc' dir='ltr'>μοι</span> <span class='ocrx_word' id='word_1_34' title='bbox 266 657 320 698; x_wconf 63' lang='grc' dir='ltr'>οὖν,</span> <span class='ocrx_word' id='word_1_35' title='bbox 344 657 366 690; x_wconf 64' lang='grc' dir='ltr'><em>ὦ</em></span> <span class='ocrx_word' id='word_1_36' title='bbox 390 662 583 701; x_wconf 81' lang='grc' dir='ltr'>εὖαγγελιστὰ,</span> <span class='ocrx_word' id='word_1_37' title='bbox 606 662 670 701; x_wconf 79' lang='grc' dir='ltr'>ὑπὲρ</span> <span class='ocrx_word' id='word_1_38' title='bbox 694 662 737 690; x_wconf 81' lang='grc' dir='ltr'>τὸν</span> <span class='ocrx_word' id='word_1_39' title='bbox 764 662 839 696; x_wconf 78' lang='grc' dir='ltr'>ἥλιον</span> <span class='ocrx_word' id='word_1_40' title='bbox 858 670 875 693; x_wconf 83' lang='lat'>1}</span> 
     </span>
    </p>
   </div>
   <div class='ocr_carea' id='block_1_4' title="bbox 62 707 841 2310">
    <p class='ocr_par' dir='ltr' id='par_1_4' title="bbox 62 707 841 2310">
     <span class='ocr_line' id='line_1_6' title="bbox 70 707 840 747; baseline 0 -11"><span class='ocrx_word' id='word_1_41' title='bbox 70 707 182 746; x_wconf 80' lang='grc' dir='ltr'>ἔλαμψε,</span> <span class='ocrx_word' id='word_1_42' title='bbox 191 708 235 736; x_wconf 80' lang='grc' dir='ltr'>καὶ</span> <span class='ocrx_word' id='word_1_43' title='bbox 247 707 278 737; x_wconf 69' lang='grc' dir='ltr'>σὺ</span> <span class='ocrx_word' id='word_1_44' title='bbox 293 707 440 746; x_wconf 82' lang='grc' dir='ltr'>λέγεις-Ὠς</span> <span class='ocrx_word' id='word_1_45' title='bbox 455 710 468 736; x_wconf 83' lang='grc' dir='ltr'>ὁ</span> <span class='ocrx_word' id='word_1_46' title='bbox 483 708 570 744; x_wconf 62' lang='grc' dir='ltr'>ἥλιος,</span> <span class='ocrx_word' id='word_1_47' title='bbox 583 707 644 738; x_wconf 80' lang='grc' dir='ltr'>Ναί·</span> <span class='ocrx_word' id='word_1_48' title='bbox 658 708 790 747; x_wconf 83' lang='grc' dir='ltr'>γνώριμόν</span> <span class='ocrx_word' id='word_1_49' title='bbox 798 719 840 737; x_wconf 89' lang='grc' dir='ltr'>σοι</span> 
     </span>
     <span class='ocr_line' id='line_1_7' title="bbox 70 752 838 793; baseline 0.001 -12"><span class='ocrx_word' id='word_1_50' title='bbox 70 752 152 781; x_wconf 79' lang='grc' dir='ltr'>θέλων</span> <span class='ocrx_word' id='word_1_51' title='bbox 165 756 275 789; x_wconf 77' lang='grc' dir='ltr'>ποιῆσαι</span> <span class='ocrx_word' id='word_1_52' title='bbox 289 753 318 782; x_wconf 81' lang='grc' dir='ltr'>τὸ</span> <span class='ocrx_word' id='word_1_53' title='bbox 332 756 385 793; x_wconf 70' lang='grc' dir='ltr'>φῶς</span> <span class='ocrx_word' id='word_1_54' title='bbox 394 777 402 790; x_wconf 90' lang='grc'>,</span> <span class='ocrx_word' id='word_1_55' title='bbox 418 755 464 783; x_wconf 78' lang='grc' dir='ltr'>οὐκ</span> <span class='ocrx_word' id='word_1_56' title='bbox 479 754 533 793; x_wconf 70' lang='grc' dir='ltr'>ἔχω</span> <span class='ocrx_word' id='word_1_57' title='bbox 553 754 618 782; x_wconf 83' lang='grc' dir='ltr'>ἄλλο</span> <span class='ocrx_word' id='word_1_58' title='bbox 633 754 727 793; x_wconf 81' lang='grc' dir='ltr'>ἄστρον</span> <span class='ocrx_word' id='word_1_59' title='bbox 740 756 838 792; x_wconf 82' lang='grc' dir='ltr'>μεῖζον,</span> 
     </span>
     <span class='ocr_line' id='line_1_8' title="bbox 70 799 838 839; baseline 0 -11"><span class='ocrx_word' id='word_1_60' title='bbox 70 801 116 828; x_wconf 80' lang='grc' dir='ltr'>οὐκ</span> <span class='ocrx_word' id='word_1_61' title='bbox 126 800 180 838; x_wconf 77' lang='grc' dir='ltr'>ἔχω</span> <span class='ocrx_word' id='word_1_62' title='bbox 192 799 275 834; x_wconf 79' lang='grc' dir='ltr'>ἄλλην</span> <span class='ocrx_word' id='word_1_63' title='bbox 289 799 377 828; x_wconf 84' lang='grc' dir='ltr'>εἷκόνα</span> <span class='ocrx_word' id='word_1_64' title='bbox 390 799 437 835; x_wconf 83' lang='grc' dir='ltr'>τὴν</span> <span class='ocrx_word' id='word_1_65' title='bbox 451 801 477 828; x_wconf 85' lang='grc' dir='ltr'>ἐν</span> <span class='ocrx_word' id='word_1_66' title='bbox 492 803 545 832; x_wconf 88' lang='grc' dir='ltr'>τοῖς</span> <span class='ocrx_word' id='word_1_67' title='bbox 559 799 663 839; x_wconf 81' lang='grc' dir='ltr'>ἄστροις</span> <span class='ocrx_word' id='word_1_68' title='bbox 683 800 838 838; x_wconf 82' lang='grc' dir='ltr'>βασιλεύου-</span> 
     </span>
     <span class='ocr_line' id='line_1_9' title="bbox 69 840 836 885; baseline 0.001 -12"><span class='ocrx_word' id='word_1_69' title='bbox 69 856 129 873; x_wconf 87' lang='grc' dir='ltr'>σαν.</span> <span class='ocrx_word' id='word_1_70' title='bbox 143 846 235 874; x_wconf 78' lang='grc' dir='ltr'>Ταῦτα</span> <span class='ocrx_word' id='word_1_71' title='bbox 246 840 327 881; x_wconf 69' lang='grc' dir='ltr'>εἶπον,</span> <span class='ocrx_word' id='word_1_72' title='bbox 339 845 382 874; x_wconf 74' lang='grc' dir='ltr'>ἵνα</span> <span class='ocrx_word' id='word_1_73' title='bbox 394 845 430 884; x_wconf 83' lang='grc' dir='ltr'>μὴ</span> <span class='ocrx_word' id='word_1_74' title='bbox 442 848 474 885; x_wconf 84' lang='grc' dir='ltr'>τῇ</span> <span class='ocrx_word' id='word_1_75' title='bbox 489 845 606 885; x_wconf 71' lang='grc' dir='ltr'>εὐτελείᾳ</span> <span class='ocrx_word' id='word_1_76' title='bbox 615 847 662 880; x_wconf 74' lang='grc' dir='ltr'>τῆς</span> <span class='ocrx_word' id='word_1_77' title='bbox 671 845 764 879; x_wconf 83' lang='grc' dir='ltr'>λέξεως</span> <span class='ocrx_word' id='word_1_78' title='bbox 777 847 836 874; x_wconf 85' lang='grc' dir='ltr'>ἐνα-</span> 
     </span>
     <span class='ocr_line' id='line_1_10' title="bbox 68 891 837 931; baseline 0.003 -12"><span class='ocrx_word' id='word_1_79' title='bbox 68 891 206 930; x_wconf 84' lang='grc' dir='ltr'>πομείνῃς.</span> <span class='ocrx_word' id='word_1_80' title='bbox 219 891 327 924; x_wconf 80' lang='grc' dir='ltr'>Ἔδειξοί</span> <span class='ocrx_word' id='word_1_81' title='bbox 341 903 383 921; x_wconf 86' lang='grc' dir='ltr'>σοι</span> <span class='ocrx_word' id='word_1_82' title='bbox 394 892 424 921; x_wconf 83' lang='grc' dir='ltr'>τὸ</span> <span class='ocrx_word' id='word_1_83' title='bbox 435 893 533 929; x_wconf 83' lang='grc' dir='ltr'>πτῶμα</span> <span class='ocrx_word' id='word_1_84' title='bbox 543 893 596 921; x_wconf 76' lang='grc' dir='ltr'>τῶν</span> <span class='ocrx_word' id='word_1_85' title='bbox 612 894 745 931; x_wconf 83' lang='grc' dir='ltr'>μαθητῶν.</span> <span class='ocrx_word' id='word_1_86' title='bbox 757 892 837 922; x_wconf 81' lang='grc' dir='ltr'>Ἔπε-</span> 
     </span>
     <span class='ocr_line' id='line_1_11' title="bbox 69 937 837 978; baseline 0.004 -14"><span class='ocrx_word' id='word_1_87' title='bbox 69 948 114 966; x_wconf 83' lang='grc' dir='ltr'>σον</span> <span class='ocrx_word' id='word_1_88' title='bbox 128 937 228 976; x_wconf 76' lang='grc' dir='ltr'>χαμαὶ,</span> <span class='ocrx_word' id='word_1_89' title='bbox 241 937 286 966; x_wconf 75' lang='grc' dir='ltr'>καὶ</span> <span class='ocrx_word' id='word_1_90' title='bbox 297 937 468 976; x_wconf 80' lang='grc' dir='ltr'>ἐκαρώθησαν</span> <span class='ocrx_word' id='word_1_91' title='bbox 479 938 524 966; x_wconf 75' lang='grc' dir='ltr'>καὶ</span> <span class='ocrx_word' id='word_1_92' title='bbox 538 938 744 978; x_wconf 60' lang='grc' dir='ltr'>κατεχόηνυντο.</span> <span class='ocrx_word' id='word_1_93' title='bbox 761 938 837 968; x_wconf 71' lang='grc' dir='ltr'>Ἀντί-</span> 
     </span>
     <span class='ocr_line' id='line_1_12' title="bbox 69 979 836 1023; baseline 0.003 -12"><span class='ocrx_word' id='word_1_94' title='bbox 69 994 161 1017; x_wconf 80' lang='grc' dir='ltr'>στητε,</span> <span class='ocrx_word' id='word_1_95' title='bbox 177 982 262 1021; x_wconf 82' lang='grc' dir='ltr'>λέγει,</span> <span class='ocrx_word' id='word_1_96' title='bbox 276 983 321 1011; x_wconf 77' lang='grc' dir='ltr'>καὶ</span> <span class='ocrx_word' id='word_1_97' title='bbox 332 982 436 1022; x_wconf 77' lang='grc' dir='ltr'>ἤγειρεν</span> <span class='ocrx_word' id='word_1_98' title='bbox 450 983 557 1019; x_wconf 79' lang='grc' dir='ltr'>αὐτοὺς,</span> <span class='ocrx_word' id='word_1_99' title='bbox 571 984 615 1012; x_wconf 78' lang='grc' dir='ltr'>καὶ</span> <span class='ocrx_word' id='word_1_100' title='bbox 632 979 698 1019; x_wconf 70' lang='grc' dir='ltr'>ἦσαν</span> <span class='ocrx_word' id='word_1_101' title='bbox 719 984 836 1023; x_wconf 65' lang='grc' dir='ltr'>βεὸαρη-</span> 
     </span>
     <span class='ocr_line' id='line_1_13' title="bbox 70 1027 837 1068; baseline 0.004 -12"><span class='ocrx_word' id='word_1_102' title='bbox 70 1027 151 1065; x_wconf 83' lang='grc' dir='ltr'>μένοι.</span> <span class='ocrx_word' id='word_1_103' title='bbox 178 1028 237 1064; x_wconf 81' lang='grc' dir='ltr'>Τὴν</span> <span class='ocrx_word' id='word_1_104' title='bbox 262 1029 313 1068; x_wconf 84' lang='grc' dir='ltr'>γὰρ</span> <span class='ocrx_word' id='word_1_105' title='bbox 345 1029 494 1068; x_wconf 65' lang='grc' dir='ltr'>ὓπερὸολὴν</span> <span class='ocrx_word' id='word_1_106' title='bbox 520 1033 566 1065; x_wconf 68' lang='grc' dir='ltr'>τῆς</span> <span class='ocrx_word' id='word_1_107' title='bbox 597 1030 763 1068; x_wconf 74' lang='grc' dir='ltr'>λαμπηδόνος</span> <span class='ocrx_word' id='word_1_108' title='bbox 789 1033 837 1059; x_wconf 75' lang='grc' dir='ltr'>οὐκ</span> 
     </span>
     <span class='ocr_line' id='line_1_14' title="bbox 68 1074 836 1116; baseline 0.004 -14"><span class='ocrx_word' id='word_1_109' title='bbox 68 1074 191 1113; x_wconf 77' lang='grc' dir='ltr'>ἤνεγκαν,</span> <span class='ocrx_word' id='word_1_110' title='bbox 208 1075 276 1104; x_wconf 84' lang='grc' dir='ltr'>ἀλλὰ</span> <span class='ocrx_word' id='word_1_111' title='bbox 297 1075 375 1115; x_wconf 80' lang='grc' dir='ltr'>κάρος</span> <span class='ocrx_word' id='word_1_112' title='bbox 389 1076 466 1105; x_wconf 67' lang='grc' dir='ltr'>ἔλαὸε</span> <span class='ocrx_word' id='word_1_113' title='bbox 489 1076 547 1109; x_wconf 78' lang='grc' dir='ltr'>τοὺς</span> <span class='ocrx_word' id='word_1_114' title='bbox 568 1075 718 1116; x_wconf 73' lang='grc' dir='ltr'>ὀφθαλμοὺς</span> <span class='ocrx_word' id='word_1_115' title='bbox 734 1077 819 1105; x_wconf 79' lang='grc' dir='ltr'>αὐτῶν</span> <span class='ocrx_word' id='word_1_116' title='bbox 830 1089 836 1094; x_wconf 90' lang='grc'><strong><em>·</em></strong></span> 
     </span>
     <span class='ocr_line' id='line_1_15' title="bbox 69 1118 837 1161; baseline 0.004 -13"><span class='ocrx_word' id='word_1_117' title='bbox 69 1120 137 1149; x_wconf 75' lang='grc' dir='ltr'>οὕτω</span> <span class='ocrx_word' id='word_1_118' title='bbox 150 1122 180 1150; x_wconf 82' lang='grc' dir='ltr'>τὸ</span> <span class='ocrx_word' id='word_1_119' title='bbox 194 1121 348 1160; x_wconf 85' lang='grc' dir='ltr'>φαινόμενον</span> <span class='ocrx_word' id='word_1_120' title='bbox 364 1124 418 1161; x_wconf 78' lang='grc' dir='ltr'>φῶς</span> <span class='ocrx_word' id='word_1_121' title='bbox 440 1122 506 1161; x_wconf 80' lang='grc' dir='ltr'>ὑπὲρ</span> <span class='ocrx_word' id='word_1_122' title='bbox 520 1123 563 1150; x_wconf 84' lang='grc' dir='ltr'>τὸν</span> <span class='ocrx_word' id='word_1_123' title='bbox 583 1122 657 1157; x_wconf 83' lang='grc' dir='ltr'>ἥλιον</span> <span class='ocrx_word' id='word_1_124' title='bbox 672 1118 713 1157; x_wconf 67' lang='grc' dir='ltr'>ἦν.</span> <span class='ocrx_word' id='word_1_125' title='bbox 729 1118 796 1152; x_wconf 60' lang='lat' dir='ltr'>Eli-ce</span> <span class='ocrx_word' id='word_1_126' title='bbox 810 1123 837 1152; x_wconf 75' lang='grc' dir='ltr'>δὲ</span> 
     </span>
     <span class='ocr_line' id='line_1_16' title="bbox 69 1167 839 1207; baseline 0.004 -12"><span class='ocrx_word' id='word_1_127' title='bbox 69 1169 83 1195; x_wconf 74' lang='grc' dir='ltr'>ὃ</span> <span class='ocrx_word' id='word_1_128' title='bbox 96 1167 301 1205; x_wconf 79' lang='grc' dir='ltr'>εὐαγγελιστὴς,</span> <span class='ocrx_word' id='word_1_129' title='bbox 315 1167 380 1201; x_wconf 71' lang='grc' dir='ltr'>“Ὡς</span> <span class='ocrx_word' id='word_1_130' title='bbox 393 1170 406 1196; x_wconf 85' lang='grc' dir='ltr'>ὁ</span> <span class='ocrx_word' id='word_1_131' title='bbox 416 1168 499 1203; x_wconf 83' lang='grc' dir='ltr'>ἥλιος,</span> <span class='ocrx_word' id='word_1_132' title='bbox 510 1168 600 1203; x_wconf 67' lang='grc' dir='ltr'>ἐπειδὴ</span> <span class='ocrx_word' id='word_1_133' title='bbox 616 1168 645 1197; x_wconf 83' lang='grc' dir='ltr'>τὸ</span> <span class='ocrx_word' id='word_1_134' title='bbox 655 1168 750 1207; x_wconf 82' lang='grc' dir='ltr'>ἄστρον</span> <span class='ocrx_word' id='word_1_135' title='bbox 762 1173 839 1198; x_wconf 77' lang='grc' dir='ltr'>τοῦτο</span> 
     </span>
     <span class='ocr_line' id='line_1_17' title="bbox 68 1212 839 1253; baseline 0.004 -13"><span class='ocrx_word' id='word_1_136' title='bbox 68 1212 199 1252; x_wconf 83' lang='grc' dir='ltr'>γνώριμον</span> <span class='ocrx_word' id='word_1_137' title='bbox 221 1216 285 1251; x_wconf 77' lang='grc' dir='ltr'>ἡμῖν</span> <span class='ocrx_word' id='word_1_138' title='bbox 301 1215 374 1249; x_wconf 78' lang='grc' dir='ltr'>ἐστι,</span> <span class='ocrx_word' id='word_1_139' title='bbox 394 1214 439 1243; x_wconf 77' lang='grc' dir='ltr'>καὶ</span> <span class='ocrx_word' id='word_1_140' title='bbox 461 1215 488 1242; x_wconf 83' lang='grc' dir='ltr'>ἐν</span> <span class='ocrx_word' id='word_1_141' title='bbox 507 1214 640 1253; x_wconf 69' lang='grc' dir='ltr'>ὓπερὸολῇ</span> <span class='ocrx_word' id='word_1_142' title='bbox 668 1216 719 1243; x_wconf 78' lang='grc' dir='ltr'>τῶν</span> <span class='ocrx_word' id='word_1_143' title='bbox 740 1216 839 1244; x_wconf 78' lang='grc' dir='ltr'>λοιπῶν</span> 
     </span>
     <span class='ocr_line' id='line_1_18' title="bbox 70 1259 839 1299; baseline 0.004 -12"><span class='ocrx_word' id='word_1_144' title='bbox 70 1259 173 1298; x_wconf 82' lang='grc' dir='ltr'>ἄστρων</span> <span class='ocrx_word' id='word_1_145' title='bbox 188 1259 321 1289; x_wconf 75' lang='grc' dir='ltr'>ἁπάντων.</span> <span class='ocrx_word' id='word_1_146' title='bbox 340 1259 408 1289; x_wconf 71' lang='grc' dir='ltr'>’Ἀλλ’</span> <span class='ocrx_word' id='word_1_147' title='bbox 423 1260 488 1299; x_wconf 81' lang='grc' dir='ltr'>ὅπερ</span> <span class='ocrx_word' id='word_1_148' title='bbox 509 1260 608 1298; x_wconf 79' lang='grc' dir='ltr'>ἔλεγον,</span> <span class='ocrx_word' id='word_1_149' title='bbox 623 1262 636 1288; x_wconf 83' lang='grc' dir='ltr'><strong><em>ὃ</em></strong></span> <span class='ocrx_word' id='word_1_150' title='bbox 660 1263 780 1294; x_wconf 71' lang='grc' dir='ltr'>τοσοῦτος</span> <span class='ocrx_word' id='word_1_151' title='bbox 795 1262 839 1290; x_wconf 76' lang='grc' dir='ltr'>καὶ</span> 
     </span>
     <span class='ocr_line' id='line_1_19' title="bbox 67 1306 840 1347; baseline 0.005 -14"><span class='ocrx_word' id='word_1_152' title='bbox 67 1306 222 1340; x_wconf 74' lang='grc' dir='ltr'>τηλικοῦτος</span> <span class='ocrx_word' id='word_1_153' title='bbox 250 1306 400 1345; x_wconf 77' lang='grc' dir='ltr'>ἐπεθύμησε</span> <span class='ocrx_word' id='word_1_154' title='bbox 424 1307 532 1346; x_wconf 79' lang='grc' dir='ltr'>πόρνης.</span> <span class='ocrx_word' id='word_1_155' title='bbox 557 1307 662 1347; x_wconf 80' lang='grc' dir='ltr'>Πόρνης</span> <span class='ocrx_word' id='word_1_156' title='bbox 683 1307 808 1346; x_wconf 81' lang='grc' dir='ltr'>ἐπεθύμει</span> <span class='ocrx_word' id='word_1_157' title='bbox 826 1311 840 1337; x_wconf 79' lang='grc' dir='ltr'>ὁ</span> 
     </span>
     <span class='ocr_line' id='line_1_20' title="bbox 67 1351 839 1393; baseline 0.003 -13"><span class='ocrx_word' id='word_1_158' title='bbox 67 1351 150 1390; x_wconf 75' lang='grc' dir='ltr'>Θεός;</span> <span class='ocrx_word' id='word_1_159' title='bbox 179 1352 248 1388; x_wconf 80' lang='grc' dir='ltr'>Ναὶ,</span> <span class='ocrx_word' id='word_1_160' title='bbox 273 1352 384 1392; x_wconf 79' lang='grc' dir='ltr'>πόρνης·</span> <span class='ocrx_word' id='word_1_161' title='bbox 411 1355 458 1388; x_wconf 74' lang='grc' dir='ltr'>τῆς</span> <span class='ocrx_word' id='word_1_162' title='bbox 480 1353 581 1393; x_wconf 81' lang='grc' dir='ltr'>φύσεως</span> <span class='ocrx_word' id='word_1_163' title='bbox 603 1354 733 1393; x_wconf 80' lang='grc' dir='ltr'>ἡμετέρας</span> <span class='ocrx_word' id='word_1_164' title='bbox 761 1354 839 1393; x_wconf 81' lang='grc' dir='ltr'>λέγω.</span> 
     </span>
     <span class='ocr_line' id='line_1_21' title="bbox 67 1397 841 1439; baseline 0.005 -13"><span class='ocrx_word' id='word_1_165' title='bbox 67 1397 171 1437; x_wconf 84' lang='grc' dir='ltr'>Πόρνης</span> <span class='ocrx_word' id='word_1_166' title='bbox 182 1398 307 1437; x_wconf 81' lang='grc' dir='ltr'>ἐπεθύμει</span> <span class='ocrx_word' id='word_1_167' title='bbox 320 1399 427 1434; x_wconf 83' lang='grc' dir='ltr'>ὁΘεός;</span> <span class='ocrx_word' id='word_1_168' title='bbox 443 1400 495 1428; x_wconf 79' lang='grc' dir='ltr'>Καὶ</span> <span class='ocrx_word' id='word_1_169' title='bbox 507 1399 644 1439; x_wconf 72' lang='grc' dir='ltr'>ἅνθρωπος</span> <span class='ocrx_word' id='word_1_170' title='bbox 657 1399 715 1438; x_wconf 79' lang='grc' dir='ltr'>μὲν,</span> <span class='ocrx_word' id='word_1_171' title='bbox 729 1400 774 1429; x_wconf 75' lang='grc' dir='ltr'>ἐὰν</span> <span class='ocrx_word' id='word_1_172' title='bbox 786 1402 841 1430; x_wconf 80' lang='grc' dir='ltr'>ἐπι-</span> 
     </span>
     <span class='ocr_line' id='line_1_22' title="bbox 71 1443 839 1485; baseline 0.004 -13"><span class='ocrx_word' id='word_1_173' title='bbox 71 1443 176 1482; x_wconf 83' lang='grc' dir='ltr'>θυμήση</span> <span class='ocrx_word' id='word_1_174' title='bbox 188 1444 295 1484; x_wconf 85' lang='grc' dir='ltr'>πόρνης,</span> <span class='ocrx_word' id='word_1_175' title='bbox 305 1445 519 1481; x_wconf 81' lang='grc' dir='ltr'>καταδικάζεται,</span> <span class='ocrx_word' id='word_1_176' title='bbox 529 1445 597 1478; x_wconf 84' lang='grc' dir='ltr'>Θεὸς</span> <span class='ocrx_word' id='word_1_177' title='bbox 606 1446 632 1475; x_wconf 80' lang='grc' dir='ltr'>δὲ</span> <span class='ocrx_word' id='word_1_178' title='bbox 642 1446 742 1485; x_wconf 85' lang='grc' dir='ltr'>πόρνης</span> <span class='ocrx_word' id='word_1_179' title='bbox 750 1448 839 1476; x_wconf 74' lang='grc' dir='ltr'>ἐπιθυ-</span> 
     </span>
     <span class='ocr_line' id='line_1_23' title="bbox 67 1490 838 1532; baseline 0.004 -14"><span class='ocrx_word' id='word_1_180' title='bbox 67 1494 126 1527; x_wconf 71' lang='grc' dir='ltr'>μεῖς</span> <span class='ocrx_word' id='word_1_181' title='bbox 139 1490 192 1519; x_wconf 74' lang='grc' dir='ltr'>Καὶ</span> <span class='ocrx_word' id='word_1_182' title='bbox 208 1490 301 1519; x_wconf 63' lang='grc' dir='ltr'>ι’ποίνυ.</span> <span class='ocrx_word' id='word_1_183' title='bbox 314 1491 401 1520; x_wconf 76' lang='grc' dir='ltr'>Πάλιν</span> <span class='ocrx_word' id='word_1_184' title='bbox 426 1491 472 1520; x_wconf 84' lang='grc' dir='ltr'>ἄνθ</span> <span class='ocrx_word' id='word_1_185' title='bbox 481 1504 566 1531; x_wconf 85' lang='grc' dir='ltr'>ρωπος</span> <span class='ocrx_word' id='word_1_186' title='bbox 587 1492 709 1530; x_wconf 80' lang='grc' dir='ltr'>ἐπιθυμεῖ</span> <span class='ocrx_word' id='word_1_187' title='bbox 723 1493 838 1532; x_wconf 83' lang='grc' dir='ltr'>πόρνης,</span> 
     </span>
     <span class='ocr_line' id='line_1_24' title="bbox 67 1535 841 1578; baseline 0.004 -14"><span class='ocrx_word' id='word_1_188' title='bbox 67 1535 110 1564; x_wconf 81' lang='grc' dir='ltr'>ἵνα</span> <span class='ocrx_word' id='word_1_189' title='bbox 143 1536 253 1574; x_wconf 86' lang='grc' dir='ltr'>γένηται</span> <span class='ocrx_word' id='word_1_190' title='bbox 285 1536 378 1576; x_wconf 82' lang='grc' dir='ltr'>πόρνος</span> <span class='ocrx_word' id='word_1_191' title='bbox 391 1548 397 1555; x_wconf 85' lang='grc'><em>·</em></span> <span class='ocrx_word' id='word_1_192' title='bbox 423 1537 491 1570; x_wconf 82' lang='grc' dir='ltr'>Θεὸς</span> <span class='ocrx_word' id='word_1_193' title='bbox 517 1537 544 1566; x_wconf 77' lang='grc' dir='ltr'>δὲ</span> <span class='ocrx_word' id='word_1_194' title='bbox 577 1538 698 1577; x_wconf 77' lang='grc' dir='ltr'>ἐπιθυμεῖ</span> <span class='ocrx_word' id='word_1_195' title='bbox 728 1539 841 1578; x_wconf 83' lang='grc' dir='ltr'>πόρνης,</span> 
     </span>
     <span class='ocr_line' id='line_1_25' title="bbox 66 1582 837 1624; baseline 0.005 -14"><span class='ocrx_word' id='word_1_196' title='bbox 66 1583 109 1610; x_wconf 77' lang='grc' dir='ltr'>ἵνα</span> <span class='ocrx_word' id='word_1_197' title='bbox 122 1582 171 1618; x_wconf 81' lang='grc' dir='ltr'>τὴν</span> <span class='ocrx_word' id='word_1_198' title='bbox 182 1582 282 1622; x_wconf 85' lang='grc' dir='ltr'>πόρνην</span> <span class='ocrx_word' id='word_1_199' title='bbox 302 1583 430 1623; x_wconf 77' lang='grc' dir='ltr'>παρθένον</span> <span class='ocrx_word' id='word_1_200' title='bbox 445 1583 604 1623; x_wconf 77' lang='grc' dir='ltr'>ἐργάσηται·</span> <span class='ocrx_word' id='word_1_201' title='bbox 613 1583 682 1613; x_wconf 80' lang='grc' dir='ltr'>ὥστε</span> <span class='ocrx_word' id='word_1_202' title='bbox 690 1585 837 1624; x_wconf 76' lang='grc' dir='ltr'>ἡέπιθυμία</span> 
     </span>
     <span class='ocr_line' id='line_1_26' title="bbox 66 1628 840 1668; baseline 0.005 -12"><span class='ocrx_word' id='word_1_203' title='bbox 66 1630 111 1656; x_wconf 76' lang='grc' dir='ltr'>τοῦ</span> <span class='ocrx_word' id='word_1_204' title='bbox 128 1628 266 1668; x_wconf 82' lang='grc' dir='ltr'>ἀνθρώπου</span> <span class='ocrx_word' id='word_1_205' title='bbox 275 1650 284 1665; x_wconf 93' lang='grc'>,</span> <span class='ocrx_word' id='word_1_206' title='bbox 309 1630 430 1658; x_wconf 83' lang='grc' dir='ltr'>ἀπώλεια</span> <span class='ocrx_word' id='word_1_207' title='bbox 455 1631 501 1664; x_wconf 64' lang='grc' dir='ltr'>τῆς</span> <span class='ocrx_word' id='word_1_208' title='bbox 524 1630 735 1668; x_wconf 83' lang='grc' dir='ltr'>ἐπιθυμουμένης</span> <span class='ocrx_word' id='word_1_209' title='bbox 745 1643 752 1648; x_wconf 90' lang='grc'><em>·</em></span> <span class='ocrx_word' id='word_1_210' title='bbox 774 1633 790 1666; x_wconf 83' lang='grc' dir='ltr'>ἠ</span> <span class='ocrx_word' id='word_1_211' title='bbox 813 1631 840 1660; x_wconf 81' lang='grc' dir='ltr'>δὲ</span> 
     </span>
     <span class='ocr_line' id='line_1_27' title="bbox 66 1674 840 1715; baseline 0.003 -13"><span class='ocrx_word' id='word_1_212' title='bbox 66 1674 193 1712; x_wconf 77' lang='grc' dir='ltr'>ἐπιθυμία</span> <span class='ocrx_word' id='word_1_213' title='bbox 216 1677 261 1703; x_wconf 71' lang='grc' dir='ltr'>’τοῦ</span> <span class='ocrx_word' id='word_1_214' title='bbox 277 1676 363 1711; x_wconf 72' lang='grc' dir='ltr'>Θεοῦ,</span> <span class='ocrx_word' id='word_1_215' title='bbox 386 1676 505 1715; x_wconf 82' lang='grc' dir='ltr'>σωτηρία</span> <span class='ocrx_word' id='word_1_216' title='bbox 526 1677 559 1713; x_wconf 74' lang='grc' dir='ltr'>τῇ</span> <span class='ocrx_word' id='word_1_217' title='bbox 582 1676 788 1715; x_wconf 80' lang='grc' dir='ltr'>ἐπιθυμουμένῃ.</span> <span class='ocrx_word' id='word_1_218' title='bbox 806 1677 840 1707; x_wconf 90' lang='grc' dir='ltr'>Ὁ</span> 
     </span>
     <span class='ocr_line' id='line_1_28' title="bbox 65 1720 839 1761; baseline 0.004 -13"><span class='ocrx_word' id='word_1_219' title='bbox 65 1721 186 1754; x_wconf 82' lang='grc' dir='ltr'>τοσοῦτος</span> <span class='ocrx_word' id='word_1_220' title='bbox 209 1720 254 1749; x_wconf 78' lang='grc' dir='ltr'>καὶ</span> <span class='ocrx_word' id='word_1_221' title='bbox 270 1722 424 1756; x_wconf 77' lang='grc' dir='ltr'>τηλικοῦτος</span> <span class='ocrx_word' id='word_1_222' title='bbox 443 1721 593 1759; x_wconf 84' lang='grc' dir='ltr'>ἐπεθύμησε</span> <span class='ocrx_word' id='word_1_223' title='bbox 606 1721 716 1761; x_wconf 79' lang='grc' dir='ltr'>πόρνης;</span> <span class='ocrx_word' id='word_1_224' title='bbox 733 1722 786 1751; x_wconf 77' lang='grc' dir='ltr'>Καὶ</span> <span class='ocrx_word' id='word_1_225' title='bbox 799 1723 826 1751; x_wconf 89' lang='grc' dir='ltr'>τί</span> <span class='ocrx_word' id='word_1_226' title='bbox 832 1736 839 1759; x_wconf 83' lang='grc'><strong>;</strong></span> 
     </span>
     <span class='ocr_line' id='line_1_29' title="bbox 64 1765 837 1808; baseline 0.004 -14"><span class='ocrx_word' id='word_1_227' title='bbox 64 1765 123 1794; x_wconf 90' lang='grc' dir='ltr'>Ἵνα</span> <span class='ocrx_word' id='word_1_228' title='bbox 140 1766 249 1805; x_wconf 83' lang='grc' dir='ltr'>γένηται</span> <span class='ocrx_word' id='word_1_229' title='bbox 267 1769 280 1796; x_wconf 86' lang='grc' dir='ltr'>ὁ</span> <span class='ocrx_word' id='word_1_230' title='bbox 298 1767 415 1807; x_wconf 72' lang='grc' dir='ltr'>νυμφίος.</span> <span class='ocrx_word' id='word_1_231' title='bbox 440 1767 476 1796; x_wconf 89' lang='grc' dir='ltr'>Τί</span> <span class='ocrx_word' id='word_1_232' title='bbox 498 1772 576 1803; x_wconf 86' lang='grc' dir='ltr'>ποιεὶ;</span> <span class='ocrx_word' id='word_1_233' title='bbox 589 1769 629 1797; x_wconf 81' lang='grc' dir='ltr'>Οὐ</span> <span class='ocrx_word' id='word_1_234' title='bbox 649 1767 750 1807; x_wconf 81' lang='grc' dir='ltr'>πέμπει</span> <span class='ocrx_word' id='word_1_235' title='bbox 772 1769 837 1808; x_wconf 84' lang='grc' dir='ltr'>πρὸς</span> 
     </span>
     <span class='ocr_line' id='line_1_30' title="bbox 65 1811 837 1853; baseline 0.004 -13"><span class='ocrx_word' id='word_1_236' title='bbox 65 1811 147 1848; x_wconf 80' lang='grc' dir='ltr'>αὐτὴν</span> <span class='ocrx_word' id='word_1_237' title='bbox 167 1812 259 1842; x_wconf 80' lang='grc' dir='ltr'>οὐδένα</span> <span class='ocrx_word' id='word_1_238' title='bbox 278 1814 331 1842; x_wconf 82' lang='grc' dir='ltr'>τῶν</span> <span class='ocrx_word' id='word_1_239' title='bbox 356 1813 465 1848; x_wconf 85' lang='grc' dir='ltr'>δούλων,</span> <span class='ocrx_word' id='word_1_240' title='bbox 480 1814 509 1842; x_wconf 84' lang='grc' dir='ltr'>οὐ</span> <span class='ocrx_word' id='word_1_241' title='bbox 531 1813 632 1852; x_wconf 81' lang='grc' dir='ltr'>πέμπει</span> <span class='ocrx_word' id='word_1_242' title='bbox 656 1813 700 1842; x_wconf 79' lang='grc' dir='ltr'>τὸν</span> <span class='ocrx_word' id='word_1_243' title='bbox 727 1814 837 1853; x_wconf 83' lang='grc' dir='ltr'>ἄγγελον</span> 
     </span>
     <span class='ocr_line' id='line_1_31' title="bbox 64 1857 836 1899; baseline 0.003 -12"><span class='ocrx_word' id='word_1_244' title='bbox 64 1857 129 1897; x_wconf 84' lang='grc' dir='ltr'>πρὸς</span> <span class='ocrx_word' id='word_1_245' title='bbox 142 1858 251 1898; x_wconf 83' lang='grc' dir='ltr'>πόρνην,</span> <span class='ocrx_word' id='word_1_246' title='bbox 268 1860 297 1888; x_wconf 83' lang='grc' dir='ltr'>οὖ</span> <span class='ocrx_word' id='word_1_247' title='bbox 320 1859 422 1898; x_wconf 85' lang='grc' dir='ltr'>πέμπει</span> <span class='ocrx_word' id='word_1_248' title='bbox 439 1859 612 1899; x_wconf 76' lang='grc' dir='ltr'>ἀρχάγγελον,</span> <span class='ocrx_word' id='word_1_249' title='bbox 629 1860 658 1888; x_wconf 81' lang='grc' dir='ltr'>οὗ</span> <span class='ocrx_word' id='word_1_250' title='bbox 681 1859 783 1897; x_wconf 81' lang='grc' dir='ltr'>πέμπει</span> <span class='ocrx_word' id='word_1_251' title='bbox 803 1861 836 1890; x_wconf 83' lang='grc' dir='ltr'>τὰ</span> 
     </span>
     <span class='ocr_line' id='line_1_32' title="bbox 64 1904 834 1945; baseline 0.004 -12"><span class='ocrx_word' id='word_1_252' title='bbox 64 1904 216 1943; x_wconf 69' lang='grc' dir='ltr'>Χερουὸὶμ,</span> <span class='ocrx_word' id='word_1_253' title='bbox 230 1906 259 1934; x_wconf 74' lang='grc' dir='ltr'>οὗ</span> <span class='ocrx_word' id='word_1_254' title='bbox 274 1905 375 1944; x_wconf 84' lang='grc' dir='ltr'>πέμπει</span> <span class='ocrx_word' id='word_1_255' title='bbox 388 1905 421 1934; x_wconf 82' lang='grc' dir='ltr'>τὰ</span> <span class='ocrx_word' id='word_1_256' title='bbox 443 1905 566 1945; x_wconf 77' lang='grc' dir='ltr'>Σεραφίμ</span> <span class='ocrx_word' id='word_1_257' title='bbox 578 1917 584 1923; x_wconf 90' lang='grc'>·</span> <span class='ocrx_word' id='word_1_258' title='bbox 600 1906 658 1934; x_wconf 81' lang='grc' dir='ltr'>ἀλλ’</span> <span class='ocrx_word' id='word_1_259' title='bbox 681 1906 757 1939; x_wconf 75' lang='grc' dir='ltr'>αὐτὸς</span> <span class='ocrx_word' id='word_1_260' title='bbox 779 1919 834 1936; x_wconf 90' lang='grc' dir='ltr'>πα-</span> 
     </span>
     <span class='ocr_line' id='line_1_33' title="bbox 66 1950 834 1990; baseline 0.004 -12"><span class='ocrx_word' id='word_1_261' title='bbox 66 1950 197 1989; x_wconf 84' lang='grc' dir='ltr'>ραγίνεται</span> <span class='ocrx_word' id='word_1_262' title='bbox 215 1952 229 1979; x_wconf 90' lang='grc' dir='ltr'><strong>ὁ</strong></span> <span class='ocrx_word' id='word_1_263' title='bbox 242 1952 318 1990; x_wconf 79' lang='grc' dir='ltr'>ἐρῶν,</span> <span class='ocrx_word' id='word_1_264' title='bbox 333 1951 419 1980; x_wconf 87' lang='grc' dir='ltr'>Πάλιν</span> <span class='ocrx_word' id='word_1_265' title='bbox 433 1951 518 1990; x_wconf 84' lang='grc' dir='ltr'>ἔρωτα</span> <span class='ocrx_word' id='word_1_266' title='bbox 540 1951 668 1987; x_wconf 75' lang='grc' dir='ltr'>ἀκούσας,</span> <span class='ocrx_word' id='word_1_267' title='bbox 685 1952 722 1990; x_wconf 81' lang='grc' dir='ltr'>μὴ</span> <span class='ocrx_word' id='word_1_268' title='bbox 739 1954 834 1989; x_wconf 82' lang='grc' dir='ltr'>αἰσθη-</span> 
     </span>
     <span class='ocr_line' id='line_1_34' title="bbox 62 1995 834 2036; baseline 0.003 -11"><span class='ocrx_word' id='word_1_269' title='bbox 62 1995 106 2024; x_wconf 81' lang='grc' dir='ltr'>τὸν</span> <span class='ocrx_word' id='word_1_270' title='bbox 130 1997 227 2034; x_wconf 86' lang='grc' dir='ltr'>νόμιζε.</span> <span class='ocrx_word' id='word_1_271' title='bbox 242 1997 357 2036; x_wconf 71' lang='grc' dir='ltr'>’Έκλεγε</span> <span class='ocrx_word' id='word_1_272' title='bbox 378 1996 412 2025; x_wconf 84' lang='grc' dir='ltr'>τὰ</span> <span class='ocrx_word' id='word_1_273' title='bbox 432 1997 553 2035; x_wconf 75' lang='grc' dir='ltr'>νοήματα</span> <span class='ocrx_word' id='word_1_274' title='bbox 575 1997 627 2025; x_wconf 84' lang='grc' dir='ltr'>ἀπὸ</span> <span class='ocrx_word' id='word_1_275' title='bbox 648 2000 700 2026; x_wconf 83' lang='grc' dir='ltr'>τῶν</span> <span class='ocrx_word' id='word_1_276' title='bbox 730 1998 834 2033; x_wconf 81' lang='grc' dir='ltr'>λέξεων,</span> 
     </span>
     <span class='ocr_line' id='line_1_35' title="bbox 64 2040 833 2082; baseline 0.004 -13"><span class='ocrx_word' id='word_1_277' title='bbox 64 2040 182 2080; x_wconf 82' lang='grc' dir='ltr'>καθάπερ</span> <span class='ocrx_word' id='word_1_278' title='bbox 194 2041 288 2081; x_wconf 80' lang='grc' dir='ltr'>ἀρίστη</span> <span class='ocrx_word' id='word_1_279' title='bbox 301 2042 412 2080; x_wconf 83' lang='grc' dir='ltr'>μέλιττα</span> <span class='ocrx_word' id='word_1_280' title='bbox 426 2042 590 2082; x_wconf 75' lang='grc' dir='ltr'>ἐφιπταμένη</span> <span class='ocrx_word' id='word_1_281' title='bbox 604 2047 658 2075; x_wconf 85' lang='grc' dir='ltr'>τοῖς</span> <span class='ocrx_word' id='word_1_282' title='bbox 670 2043 774 2077; x_wconf 79' lang='grc' dir='ltr'>ἄνθεσι,</span> <span class='ocrx_word' id='word_1_283' title='bbox 788 2044 833 2072; x_wconf 76' lang='grc' dir='ltr'>καὶ</span> 
     </span>
     <span class='ocr_line' id='line_1_36' title="bbox 63 2086 833 2126; baseline 0.004 -12"><span class='ocrx_word' id='word_1_284' title='bbox 63 2086 93 2115; x_wconf 84' lang='grc' dir='ltr'>τὸ</span> <span class='ocrx_word' id='word_1_285' title='bbox 106 2086 197 2126; x_wconf 82' lang='grc' dir='ltr'>κηρίον</span> <span class='ocrx_word' id='word_1_286' title='bbox 219 2088 405 2125; x_wconf 65' lang='grc' dir='ltr'>λαμίάνουσα,</span> <span class='ocrx_word' id='word_1_287' title='bbox 420 2088 466 2121; x_wconf 78' lang='grc' dir='ltr'>τὰς</span> <span class='ocrx_word' id='word_1_288' title='bbox 481 2089 508 2116; x_wconf 80' lang='grc' dir='ltr'>δὲ</span> <span class='ocrx_word' id='word_1_289' title='bbox 523 2087 634 2126; x_wconf 82' lang='grc' dir='ltr'>βοτάνας</span> <span class='ocrx_word' id='word_1_290' title='bbox 649 2089 728 2117; x_wconf 77' lang='grc' dir='ltr'>ἐῶσα.</span> <span class='ocrx_word' id='word_1_291' title='bbox 749 2089 833 2118; x_wconf 82' lang='grc' dir='ltr'>Ἐπε-</span> 
     </span>
     <span class='ocr_line' id='line_1_37' title="bbox 65 2132 831 2172; baseline 0.004 -12"><span class='ocrx_word' id='word_1_292' title='bbox 65 2132 167 2170; x_wconf 85' lang='grc' dir='ltr'>θύμησε</span> <span class='ocrx_word' id='word_1_293' title='bbox 180 2133 278 2172; x_wconf 81' lang='grc' dir='ltr'>πόρνης</span> <span class='ocrx_word' id='word_1_294' title='bbox 287 2145 293 2150; x_wconf 91' lang='grc'><strong><em>·</em></strong></span> <span class='ocrx_word' id='word_1_295' title='bbox 309 2134 353 2162; x_wconf 80' lang='grc' dir='ltr'>καὶ</span> <span class='ocrx_word' id='word_1_296' title='bbox 364 2134 389 2162; x_wconf 89' lang='grc' dir='ltr'>τί</span> <span class='ocrx_word' id='word_1_297' title='bbox 401 2138 486 2169; x_wconf 83' lang='grc' dir='ltr'>ποιεῖ;</span> <span class='ocrx_word' id='word_1_298' title='bbox 500 2135 559 2163; x_wconf 79' lang='grc' dir='ltr'>Οὐκ</span> <span class='ocrx_word' id='word_1_299' title='bbox 573 2134 664 2171; x_wconf 77' lang='grc' dir='ltr'>ἀνάγει</span> <span class='ocrx_word' id='word_1_300' title='bbox 676 2134 756 2169; x_wconf 76' lang='grc' dir='ltr'>αὐτὴν</span> <span class='ocrx_word' id='word_1_301' title='bbox 769 2135 831 2163; x_wconf 79' lang='grc' dir='ltr'>ἄνω·</span> 
     </span>
     <span class='ocr_line' id='line_1_38' title="bbox 65 2177 831 2218; baseline 0.003 -12"><span class='ocrx_word' id='word_1_302' title='bbox 65 2178 94 2205; x_wconf 83' lang='grc' dir='ltr'>οὖ</span> <span class='ocrx_word' id='word_1_303' title='bbox 109 2177 160 2217; x_wconf 78' lang='grc' dir='ltr'>γὰρ</span> <span class='ocrx_word' id='word_1_304' title='bbox 181 2179 303 2207; x_wconf 52' lang='lat' dir='ltr'>§eostam</span> <span class='ocrx_word' id='word_1_305' title='bbox 327 2179 426 2218; x_wconf 82' lang='grc' dir='ltr'>πόρνην</span> <span class='ocrx_word' id='word_1_306' title='bbox 454 2181 489 2212; x_wconf 78' lang='grc' dir='ltr'>εἷς</span> <span class='ocrx_word' id='word_1_307' title='bbox 514 2180 557 2208; x_wconf 77' lang='grc' dir='ltr'>τὸν</span> <span class='ocrx_word' id='word_1_308' title='bbox 583 2179 690 2218; x_wconf 83' lang='grc' dir='ltr'>οὐρανὸν</span> <span class='ocrx_word' id='word_1_309' title='bbox 714 2181 831 2218; x_wconf 80' lang='grc' dir='ltr'>ἀγαγεῖν,</span> 
     </span>
     <span class='ocr_line' id='line_1_39' title="bbox 64 2224 833 2261; baseline 0.003 -8"><span class='ocrx_word' id='word_1_310' title='bbox 64 2224 132 2253; x_wconf 77' lang='grc' dir='ltr'>ἀλλὰ</span> <span class='ocrx_word' id='word_1_311' title='bbox 146 2225 299 2254; x_wconf 66' lang='grc' dir='ltr'>καταῧαίνει</span> <span class='ocrx_word' id='word_1_312' title='bbox 313 2226 390 2259; x_wconf 71' lang='grc' dir='ltr'>αὐτὸς</span> <span class='ocrx_word' id='word_1_313' title='bbox 403 2226 485 2254; x_wconf 76' lang='grc' dir='ltr'>κάτω.</span> <span class='ocrx_word' id='word_1_314' title='bbox 504 2225 614 2261; x_wconf 73' lang='grc' dir='ltr'>Ἐπειδὴ</span> <span class='ocrx_word' id='word_1_315' title='bbox 630 2225 696 2260; x_wconf 72' lang='grc' dir='ltr'>αὐτὴ</span> <span class='ocrx_word' id='word_1_316' title='bbox 709 2228 756 2255; x_wconf 80' lang='grc' dir='ltr'>οὐκ</span> <span class='ocrx_word' id='word_1_317' title='bbox 769 2227 833 2261; x_wconf 75' lang='grc' dir='ltr'>ἠδύ-</span> 
     </span>
     <span class='ocr_line' id='line_1_40' title="bbox 63 2271 831 2310; baseline 0.004 -12"><span class='ocrx_word' id='word_1_318' title='bbox 63 2282 126 2299; x_wconf 89' lang='grc' dir='ltr'>νατο</span> <span class='ocrx_word' id='word_1_319' title='bbox 141 2271 271 2305; x_wconf 65' lang='grc' dir='ltr'>ἀναὸἧναι</span> <span class='ocrx_word' id='word_1_320' title='bbox 292 2271 360 2305; x_wconf 80' lang='grc' dir='ltr'>ἅνω,</span> <span class='ocrx_word' id='word_1_321' title='bbox 381 2272 458 2304; x_wconf 75' lang='grc' dir='ltr'>αὐτὸς</span> <span class='ocrx_word' id='word_1_322' title='bbox 475 2272 575 2308; x_wconf 70' lang='grc' dir='ltr'>κατέὸη</span> <span class='ocrx_word' id='word_1_323' title='bbox 590 2271 673 2300; x_wconf 76' lang='grc' dir='ltr'>κάτω.</span> <span class='ocrx_word' id='word_1_324' title='bbox 692 2272 763 2310; x_wconf 82' lang='grc' dir='ltr'>Πρὸς</span> <span class='ocrx_word' id='word_1_325' title='bbox 785 2272 831 2307; x_wconf 64' lang='grc' dir='ltr'>τὴν</span> 
     </span>
    </p>
   </div>
   <div class='ocr_carea' id='block_1_5' title="bbox 64 2316 868 2358">
    <p class='ocr_par' dir='ltr' id='par_1_5' title="bbox 64 2316 868 2358">
     <span class='ocr_line' id='line_1_41' title="bbox 64 2316 868 2358; baseline 0.004 -14"><span class='ocrx_word' id='word_1_326' title='bbox 64 2316 162 2354; x_wconf 87' lang='grc' dir='ltr'>πόρνην</span> <span class='ocrx_word' id='word_1_327' title='bbox 176 2317 283 2356; x_wconf 74' lang='grc' dir='ltr'>ἔρχεται</span> <span class='ocrx_word' id='word_1_328' title='bbox 304 2317 348 2346; x_wconf 83' lang='grc' dir='ltr'>καὶ</span> <span class='ocrx_word' id='word_1_329' title='bbox 362 2319 409 2346; x_wconf 82' lang='grc' dir='ltr'>οὐκ</span> <span class='ocrx_word' id='word_1_330' title='bbox 431 2317 597 2357; x_wconf 80' lang='grc' dir='ltr'>αἰσχύνεται·</span> <span class='ocrx_word' id='word_1_331' title='bbox 611 2318 717 2358; x_wconf 81' lang='grc' dir='ltr'>ἔρχεται</span> <span class='ocrx_word' id='word_1_332' title='bbox 731 2320 767 2351; x_wconf 85' lang='grc' dir='ltr'>εἰς</span> <span class='ocrx_word' id='word_1_333' title='bbox 786 2318 832 2354; x_wconf 85' lang='grc' dir='ltr'>τὴν</span> <span class='ocrx_word' id='word_1_334' title='bbox 861 2333 868 2348; x_wconf 61' lang='lat'><em>2</em></span> 
     </span>
    </p>
   </div>
   <div class='ocr_carea' id='block_1_6' title="bbox 61 2361 832 2540">
    <p class='ocr_par' dir='ltr' id='par_1_6' title="bbox 61 2361 832 2540">
     <span class='ocr_line' id='line_1_42' title="bbox 67 2361 832 2403; baseline 0.005 -14"><span class='ocrx_word' id='word_1_335' title='bbox 67 2361 185 2397; x_wconf 73' lang='grc' dir='ltr'>καλύὸην</span> <span class='ocrx_word' id='word_1_336' title='bbox 198 2363 288 2398; x_wconf 74' lang='grc' dir='ltr'>αὗτῆς.</span> <span class='ocrx_word' id='word_1_337' title='bbox 305 2363 374 2403; x_wconf 73' lang='grc' dir='ltr'>Ὁρᾷ</span> <span class='ocrx_word' id='word_1_338' title='bbox 387 2363 469 2398; x_wconf 75' lang='grc' dir='ltr'>αὐτὴν</span> <span class='ocrx_word' id='word_1_339' title='bbox 485 2363 640 2402; x_wconf 84' lang='grc' dir='ltr'>μεθύουσαν.</span> <span class='ocrx_word' id='word_1_340' title='bbox 654 2364 708 2393; x_wconf 77' lang='grc' dir='ltr'>Καὶ</span> <span class='ocrx_word' id='word_1_341' title='bbox 721 2366 777 2397; x_wconf 78' lang='grc' dir='ltr'>πῶς</span> <span class='ocrx_word' id='word_1_342' title='bbox 788 2364 832 2403; x_wconf 84' lang='grc' dir='ltr'>ἔρ-</span> 
     </span>
     <span class='ocr_line' id='line_1_43' title="bbox 62 2406 828 2450; baseline 0.005 -15"><span class='ocrx_word' id='word_1_343' title='bbox 62 2418 154 2445; x_wconf 75' lang='grc' dir='ltr'>χεται;</span> <span class='ocrx_word' id='word_1_344' title='bbox 165 2409 205 2437; x_wconf 88' lang='grc' dir='ltr'>Οὐ</span> <span class='ocrx_word' id='word_1_345' title='bbox 219 2411 306 2447; x_wconf 76' lang='grc' dir='ltr'>γυμνῇ</span> <span class='ocrx_word' id='word_1_346' title='bbox 323 2411 355 2447; x_wconf 77' lang='grc' dir='ltr'>τῇ</span> <span class='ocrx_word' id='word_1_347' title='bbox 368 2409 458 2448; x_wconf 81' lang='grc' dir='ltr'>οὐσίᾳ,</span> <span class='ocrx_word' id='word_1_348' title='bbox 472 2409 540 2438; x_wconf 76' lang='grc' dir='ltr'>ἀλλὰ</span> <span class='ocrx_word' id='word_1_349' title='bbox 559 2410 672 2448; x_wconf 81' lang='grc' dir='ltr'>γίνεται,</span> <span class='ocrx_word' id='word_1_350' title='bbox 688 2410 752 2450; x_wconf 75' lang='grc' dir='ltr'>ὅπερ</span> <span class='ocrx_word' id='word_1_351' title='bbox 765 2406 797 2446; x_wconf 68' lang='grc' dir='ltr'>ἦν</span> <span class='ocrx_word' id='word_1_352' title='bbox 811 2413 828 2445; x_wconf 86' lang='grc' dir='ltr'>ἡ</span> 
     </span>
     <span class='ocr_line' id='line_1_44' title="bbox 62 2451 827 2495; baseline 0.007 -16"><span class='ocrx_word' id='word_1_353' title='bbox 62 2451 161 2491; x_wconf 87' lang='grc' dir='ltr'>πόρνη,</span> <span class='ocrx_word' id='word_1_354' title='bbox 177 2455 205 2482; x_wconf 82' lang='grc' dir='ltr'>οὐ</span> <span class='ocrx_word' id='word_1_355' title='bbox 220 2456 252 2493; x_wconf 78' lang='grc' dir='ltr'>τῇ</span> <span class='ocrx_word' id='word_1_356' title='bbox 274 2454 366 2493; x_wconf 79' lang='grc' dir='ltr'>γνώμῃ</span> <span class='ocrx_word' id='word_1_357' title='bbox 376 2477 383 2490; x_wconf 90' lang='grc'>,</span> <span class='ocrx_word' id='word_1_358' title='bbox 399 2456 467 2484; x_wconf 80' lang='grc' dir='ltr'>ἀλλὰ</span> <span class='ocrx_word' id='word_1_359' title='bbox 488 2457 521 2494; x_wconf 79' lang='grc' dir='ltr'>τῇ</span> <span class='ocrx_word' id='word_1_360' title='bbox 542 2455 618 2495; x_wconf 78' lang='grc' dir='ltr'>φύσει</span> <span class='ocrx_word' id='word_1_361' title='bbox 631 2455 731 2494; x_wconf 87' lang='grc' dir='ltr'>γίνεται</span> <span class='ocrx_word' id='word_1_362' title='bbox 741 2459 827 2493; x_wconf 79' lang='grc' dir='ltr'>τοῦτο,</span> 
     </span>
     <span class='ocr_line' id='line_1_45' title="bbox 61 2497 825 2540; baseline 0.009 -16"><span class='ocrx_word' id='word_1_363' title='bbox 61 2497 104 2525; x_wconf 83' lang='grc' dir='ltr'>ἵνα</span> <span class='ocrx_word' id='word_1_364' title='bbox 117 2497 153 2535; x_wconf 84' lang='grc' dir='ltr'>μὴ</span> <span class='ocrx_word' id='word_1_365' title='bbox 168 2499 258 2528; x_wconf 75' lang='grc' dir='ltr'>ἰδοῦσα</span> <span class='ocrx_word' id='word_1_366' title='bbox 270 2500 347 2528; x_wconf 78' lang='grc' dir='ltr'>αὐτὸν</span> <span class='ocrx_word' id='word_1_367' title='bbox 361 2503 478 2539; x_wconf 76' lang='grc' dir='ltr'>πτοηθῇ,</span> <span class='ocrx_word' id='word_1_368' title='bbox 493 2501 534 2529; x_wconf 81' lang='grc' dir='ltr'>ἳνα</span> <span class='ocrx_word' id='word_1_369' title='bbox 549 2501 586 2538; x_wconf 81' lang='grc' dir='ltr'>μὴ</span> <span class='ocrx_word' id='word_1_370' title='bbox 597 2501 771 2540; x_wconf 47' lang='lat' dir='ltr'>&amp;immede-52,</span> <span class='ocrx_word' id='word_1_371' title='bbox 783 2501 825 2531; x_wconf 79' lang='grc' dir='ltr'>ἵνα</span> 
     </span>
    </p>
   </div>
   <div class='ocr_carea' id='block_1_7' title="bbox 96 2590 502 2626">
    <p class='ocr_par' dir='ltr' id='par_1_7' title="bbox 96 2590 502 2626">
     <span class='ocr_line' id='line_1_46' title="bbox 96 2590 502 2626; baseline 0.012 -13"><span class='ocrx_word' id='word_1_372' title='bbox 96 2597 105 2607; x_wconf 69' lang='lat'><strong>³</strong></span> <span class='ocrx_word' id='word_1_373' title='bbox 116 2590 155 2614; x_wconf 79' lang='lat' dir='ltr'>Sic</span> <span class='ocrx_word' id='word_1_374' title='bbox 169 2591 224 2615; x_wconf 77' lang='lat' dir='ltr'>Mss.</span> <span class='ocrx_word' id='word_1_375' title='bbox 236 2590 302 2616; x_wconf 85' lang='lat' dir='ltr'>Edit.</span> <span class='ocrx_word' id='word_1_376' title='bbox 316 2595 369 2626; x_wconf 55' lang='grc' dir='ltr'>ὑπὲρ</span> <span class='ocrx_word' id='word_1_377' title='bbox 383 2598 419 2618; x_wconf 58' lang='grc' dir='ltr'>τὸν</span> <span class='ocrx_word' id='word_1_378' title='bbox 435 2596 502 2621; x_wconf 60' lang='grc' dir='ltr'>ὶὶειν.</span> 
     </span>
    </p>
   </div>
   <div class='ocr_carea' id='block_1_8' title="bbox 901 185 1616 290">
    <p class='ocr_par' dir='ltr' id='par_1_8' title="bbox 901 185 1616 290">
     <span class='ocr_line' id='line_1_47' title="bbox 1545 185 1607 228; baseline 0.048 -3"><span class='ocrx_word' id='word_1_379' title='bbox 1545 185 1607 228; x_wconf 66' lang='lat'>47¹</span> 
     </span>
     <span class='ocr_line' id='line_1_48' title="bbox 901 249 1616 290; baseline 0.01 -13"><span class='ocrx_word' id='word_1_380' title='bbox 901 249 994 278; x_wconf 82' lang='lat' dir='ltr'>liabeo.</span> <span class='ocrx_word' id='word_1_381' title='bbox 1008 250 1042 279; x_wconf 83' lang='lat' dir='ltr'>Et</span> <span class='ocrx_word' id='word_1_382' title='bbox 1061 250 1138 279; x_wconf 81' lang='lat' dir='ltr'>albus</span> <span class='ocrx_word' id='word_1_383' title='bbox 1159 258 1214 280; x_wconf 83' lang='lat' dir='ltr'>erat</span> <span class='ocrx_word' id='word_1_384' title='bbox 1230 252 1310 281; x_wconf 77' lang='lat' dir='ltr'>Sicut</span> <span class='ocrx_word' id='word_1_385' title='bbox 1334 255 1396 282; x_wconf 66' lang='lat' dir='ltr'>nix.</span> <span class='ocrx_word' id='word_1_386' title='bbox 1416 254 1517 290; x_wconf 82' lang='lat' dir='ltr'>Quare,</span> <span class='ocrx_word' id='word_1_387' title='bbox 1537 256 1616 284; x_wconf 82' lang='lat' dir='ltr'>Sicut</span> 
     </span>
    </p>
   </div>
   <div class='ocr_carea' id='block_1_9' title="bbox 897 296 1615 383">
    <p class='ocr_par' dir='ltr' id='par_1_9' title="bbox 897 296 1615 383">
     <span class='ocr_line' id='line_1_49' title="bbox 900 296 1614 338; baseline 0.01 -15"><span class='ocrx_word' id='word_1_388' title='bbox 900 296 1051 332; x_wconf 76' lang='lat' dir='ltr'>11i.rPQtiia</span> <span class='ocrx_word' id='word_1_389' title='bbox 1066 296 1140 325; x_wconf 82' lang='lat' dir='ltr'>nulla</span> <span class='ocrx_word' id='word_1_390' title='bbox 1150 297 1201 325; x_wconf 87' lang='lat' dir='ltr'>alia</span> <span class='ocrx_word' id='word_1_391' title='bbox 1214 298 1331 338; x_wconf 80' lang='lat' dir='ltr'>suppetit</span> <span class='ocrx_word' id='word_1_392' title='bbox 1345 299 1486 328; x_wconf 76' lang='lat' dir='ltr'>candidior</span> <span class='ocrx_word' id='word_1_393' title='bbox 1496 302 1614 330; x_wconf 81' lang='lat' dir='ltr'>materia.</span> 
     </span>
     <span class='ocr_line' id='line_1_50' title="bbox 897 341 1615 383; baseline 0.006 -12"><span class='ocrx_word' id='word_1_394' title='bbox 897 343 964 371; x_wconf 84' lang='lat' dir='ltr'>Nam</span> <span class='ocrx_word' id='word_1_395' title='bbox 979 341 1051 380; x_wconf 89' lang='lat' dir='ltr'>quod</span> <span class='ocrx_word' id='word_1_396' title='bbox 1066 342 1117 371; x_wconf 85' lang='lat' dir='ltr'>non</span> <span class='ocrx_word' id='word_1_397' title='bbox 1132 342 1166 371; x_wconf 76' lang='lat' dir='ltr'>ad</span> <span class='ocrx_word' id='word_1_398' title='bbox 1180 354 1241 372; x_wconf 88' lang='lat' dir='ltr'>eum</span> <span class='ocrx_word' id='word_1_399' title='bbox 1257 343 1366 372; x_wconf 86' lang='lat' dir='ltr'>modum</span> <span class='ocrx_word' id='word_1_400' title='bbox 1388 344 1564 383; x_wconf 79' lang='lat' dir='ltr'>splenduerit,</span> <span class='ocrx_word' id='word_1_401' title='bbox 1581 356 1615 375; x_wconf 83' lang='lat' dir='ltr'>ex</span> 
     </span>
    </p>
   </div>
   <div class='ocr_carea' id='block_1_10' title="bbox 897 387 1751 431">
    <p class='ocr_par' dir='ltr' id='par_1_10' title="bbox 897 387 1751 431">
     <span class='ocr_line' id='line_1_51' title="bbox 897 387 1751 431; baseline 0.001 -15"><span class='ocrx_word' id='word_1_402' title='bbox 897 387 1070 426; x_wconf 83' lang='lat' dir='ltr'>sequentibus</span> <span class='ocrx_word' id='word_1_403' title='bbox 1092 388 1251 417; x_wconf 79' lang='lat' dir='ltr'>ostenditur.</span> <span class='ocrx_word' id='word_1_404' title='bbox 1276 389 1310 418; x_wconf 84' lang='lat' dir='ltr'>Et</span> <span class='ocrx_word' id='word_1_405' title='bbox 1331 390 1484 419; x_wconf 82' lang='lat' dir='ltr'>ceciderunt</span> <span class='ocrx_word' id='word_1_406' title='bbox 1511 391 1537 419; x_wconf 91' lang='lat' dir='ltr'>in</span> <span class='ocrx_word' id='word_1_407' title='bbox 1563 398 1615 420; x_wconf 85' lang='lat' dir='ltr'>ter·</span> <span class='ocrx_word' id='word_1_408' title='bbox 1627 397 1700 431; x_wconf 58' lang='lat' dir='ltr'>stlatis,</span> <span class='ocrx_word' id='word_1_409' title='bbox 1730 404 1751 425; x_wconf 73' lang='lat'>¹7</span> 
     </span>
    </p>
   </div>
   <div class='ocr_carea' id='block_1_11' title="bbox 893 428 1646 796">
    <p class='ocr_par' dir='ltr' id='par_1_11' title="bbox 895 428 1646 656">
     <span class='ocr_line' id='line_1_52' title="bbox 899 428 1646 474; baseline 0.007 -13"><span class='ocrx_word' id='word_1_410' title='bbox 899 443 955 462; x_wconf 85' lang='lat' dir='ltr'>ram</span> <span class='ocrx_word' id='word_1_411' title='bbox 978 433 1117 473; x_wconf 86' lang='lat' dir='ltr'>discipuli.</span> <span class='ocrx_word' id='word_1_412' title='bbox 1133 434 1161 464; x_wconf 85' lang='lat' dir='ltr'>Si</span> <span class='ocrx_word' id='word_1_413' title='bbox 1187 434 1394 474; x_wconf 74' lang='lat' dir='ltr'><strong>resplenduisset</strong></span> <span class='ocrx_word' id='word_1_414' title='bbox 1412 436 1480 465; x_wconf 88' lang='lat' dir='ltr'>sicut</span> <span class='ocrx_word' id='word_1_415' title='bbox 1494 436 1545 472; x_wconf 85' lang='lat' dir='ltr'>sol,</span> <span class='ocrx_word' id='word_1_416' title='bbox 1562 428 1646 466; x_wconf 52' lang='lat' dir='ltr'>nono·</span> 
     </span>
     <span class='ocr_line' id='line_1_53' title="bbox 897 479 1614 521; baseline 0.007 -14"><span class='ocrx_word' id='word_1_417' title='bbox 897 479 1053 509; x_wconf 75' lang='lat' dir='ltr'>cecidissent</span> <span class='ocrx_word' id='word_1_418' title='bbox 1090 479 1216 520; x_wconf 87' lang='lat' dir='ltr'>discipuli</span> <span class='ocrx_word' id='word_1_419' title='bbox 1242 492 1248 508; x_wconf 91' lang='lat'><strong>:</strong></span> <span class='ocrx_word' id='word_1_420' title='bbox 1278 491 1339 510; x_wconf 90' lang='lat' dir='ltr'>nam</span> <span class='ocrx_word' id='word_1_421' title='bbox 1375 482 1457 511; x_wconf 87' lang='lat' dir='ltr'>solem</span> <span class='ocrx_word' id='word_1_422' title='bbox 1494 483 1614 521; x_wconf 78' lang='lat' dir='ltr'>quotidie</span> 
     </span>
     <span class='ocr_line' id='line_1_54' title="bbox 898 525 1613 569; baseline 0.006 -16"><span class='ocrx_word' id='word_1_423' title='bbox 898 525 1024 554; x_wconf 72' lang='lat' dir='ltr'>ridebant</span> <span class='ocrx_word' id='word_1_424' title='bbox 1038 549 1045 562; x_wconf 84' lang='lat'>,</span> <span class='ocrx_word' id='word_1_425' title='bbox 1075 537 1160 565; x_wconf 88' lang='lat' dir='ltr'>neque</span> <span class='ocrx_word' id='word_1_426' title='bbox 1193 527 1323 557; x_wconf 73' lang='lat' dir='ltr'>cadebant</span> <span class='ocrx_word' id='word_1_427' title='bbox 1346 539 1352 554; x_wconf 72' lang='grc' dir='ltr'>ε</span> <span class='ocrx_word' id='word_1_428' title='bbox 1376 528 1423 557; x_wconf 87' lang='lat' dir='ltr'>scd</span> <span class='ocrx_word' id='word_1_429' title='bbox 1453 529 1516 567; x_wconf 87' lang='lat' dir='ltr'>quia</span> <span class='ocrx_word' id='word_1_430' title='bbox 1551 529 1613 569; x_wconf 78' lang='lat' dir='ltr'>plus</span> 
     </span>
     <span class='ocr_line' id='line_1_55' title="bbox 897 573 1614 615; baseline 0.008 -16"><span class='ocrx_word' id='word_1_431' title='bbox 897 582 976 609; x_wconf 84' lang='lat' dir='ltr'>quam</span> <span class='ocrx_word' id='word_1_432' title='bbox 999 573 1050 610; x_wconf 84' lang='lat' dir='ltr'>sol,</span> <span class='ocrx_word' id='word_1_433' title='bbox 1063 580 1088 602; x_wconf 87' lang='lat' dir='ltr'>ct</span> <span class='ocrx_word' id='word_1_434' title='bbox 1112 574 1175 613; x_wconf 84' lang='lat' dir='ltr'>plus</span> <span class='ocrx_word' id='word_1_435' title='bbox 1192 585 1272 613; x_wconf 79' lang='lat' dir='ltr'>quam</span> <span class='ocrx_word' id='word_1_436' title='bbox 1293 574 1338 604; x_wconf 82' lang='lat' dir='ltr'>nix</span> <span class='ocrx_word' id='word_1_437' title='bbox 1366 575 1542 615; x_wconf 84' lang='lat' dir='ltr'>resplenduit,</span> <span class='ocrx_word' id='word_1_438' title='bbox 1554 575 1614 605; x_wconf 79' lang='lat' dir='ltr'>idco</span> 
     </span>
     <span class='ocr_line' id='line_1_56' title="bbox 895 618 1431 656; baseline 0.011 -12"><span class='ocrx_word' id='word_1_439' title='bbox 895 618 1064 656; x_wconf 73' lang='lat' dir='ltr'>splendorem</span> <span class='ocrx_word' id='word_1_440' title='bbox 1079 630 1129 648; x_wconf 90' lang='lat' dir='ltr'>nou</span> <span class='ocrx_word' id='word_1_441' title='bbox 1145 620 1255 650; x_wconf 82' lang='lat' dir='ltr'>serentes</span> <span class='ocrx_word' id='word_1_442' title='bbox 1269 621 1431 650; x_wconf 87' lang='lat' dir='ltr'>ceciderunt.</span> 
     </span>
    </p>

    <p class='ocr_par' dir='ltr' id='par_1_12' title="bbox 893 664 1611 796">
     <span class='ocr_line' id='line_1_57' title="bbox 936 664 1611 706; baseline 0.006 -15"><span class='ocrx_word' id='word_1_443' title='bbox 936 665 984 691; x_wconf 86' lang='grc'>11.</span> <span class='ocrx_word' id='word_1_444' title='bbox 1013 664 1062 693; x_wconf 89' lang='lat' dir='ltr'>Dic</span> <span class='ocrx_word' id='word_1_445' title='bbox 1073 675 1136 702; x_wconf 75' lang='lat' dir='ltr'>ergo</span> <span class='ocrx_word' id='word_1_446' title='bbox 1147 664 1226 701; x_wconf 89' lang='lat' dir='ltr'>mihi,</span> <span class='ocrx_word' id='word_1_447' title='bbox 1238 675 1254 694; x_wconf 93' lang='lat' dir='ltr'>o</span> <span class='ocrx_word' id='word_1_448' title='bbox 1268 666 1440 705; x_wconf 80' lang='lat' dir='ltr'>evangelista,</span> <span class='ocrx_word' id='word_1_449' title='bbox 1455 667 1518 706; x_wconf 85' lang='lat' dir='ltr'>plus</span> <span class='ocrx_word' id='word_1_450' title='bbox 1531 677 1611 705; x_wconf 87' lang='lat' dir='ltr'>quam</span> 
     </span>
     <span class='ocr_line' id='line_1_58' title="bbox 894 708 1611 751; baseline 0.008 -15"><span class='ocrx_word' id='word_1_451' title='bbox 894 708 933 736; x_wconf 87' lang='lat' dir='ltr'>sol</span> <span class='ocrx_word' id='word_1_452' title='bbox 948 709 1061 745; x_wconf 78' lang='lat' dir='ltr'>refulsit,</span> <span class='ocrx_word' id='word_1_453' title='bbox 1076 717 1101 738; x_wconf 88' lang='lat' dir='ltr'>et</span> <span class='ocrx_word' id='word_1_454' title='bbox 1115 718 1143 739; x_wconf 87' lang='lat' dir='ltr'>tu</span> <span class='ocrx_word' id='word_1_455' title='bbox 1163 710 1242 747; x_wconf 88' lang='lat' dir='ltr'>dieis,</span> <span class='ocrx_word' id='word_1_456' title='bbox 1255 711 1333 741; x_wconf 78' lang='lat' dir='ltr'>Sicut</span> <span class='ocrx_word' id='word_1_457' title='bbox 1348 713 1414 741; x_wconf 78' lang='lat' dir='ltr'>sol?</span> <span class='ocrx_word' id='word_1_458' title='bbox 1427 713 1534 751; x_wconf 81' lang='lat' dir='ltr'>Etiam;</span> <span class='ocrx_word' id='word_1_459' title='bbox 1551 725 1611 742; x_wconf 90' lang='lat' dir='ltr'>cum</span> 
     </span>
     <span class='ocr_line' id='line_1_59' title="bbox 893 754 1610 796; baseline 0.008 -14"><span class='ocrx_word' id='word_1_460' title='bbox 893 754 941 782; x_wconf 89' lang='lat' dir='ltr'>tibi</span> <span class='ocrx_word' id='word_1_461' title='bbox 971 754 1059 784; x_wconf 87' lang='lat' dir='ltr'>lucem</span> <span class='ocrx_word' id='word_1_462' title='bbox 1084 756 1158 784; x_wconf 83' lang='lat' dir='ltr'>illam</span> <span class='ocrx_word' id='word_1_463' title='bbox 1184 764 1370 796; x_wconf 58' lang='lat' dir='ltr'>reprensentare</span> <span class='ocrx_word' id='word_1_464' title='bbox 1397 758 1477 794; x_wconf 81' lang='lat' dir='ltr'>volo,</span> <span class='ocrx_word' id='word_1_465' title='bbox 1504 759 1610 788; x_wconf 89' lang='lat' dir='ltr'>nullum</span> 
     </span>
    </p>
   </div>
   <div class='ocr_carea' id='block_1_12' title="bbox 891 801 1759 864">
    <p class='ocr_par' dir='ltr' id='par_1_13' title="bbox 891 801 1759 864">
     <span class='ocr_line' id='line_1_60' title="bbox 891 801 1759 863; baseline 0.008 -35"><span class='ocrx_word' id='word_1_466' title='bbox 891 807 992 829; x_wconf 82' lang='lat' dir='ltr'>astrum</span> <span class='ocrx_word' id='word_1_467' title='bbox 1007 801 1092 840; x_wconf 87' lang='lat' dir='ltr'>majus</span> <span class='ocrx_word' id='word_1_468' title='bbox 1106 802 1202 837; x_wconf 85' lang='lat' dir='ltr'>haheo,</span> <span class='ocrx_word' id='word_1_469' title='bbox 1219 813 1270 831; x_wconf 90' lang='lat' dir='ltr'>non</span> <span class='ocrx_word' id='word_1_470' title='bbox 1285 803 1366 832; x_wconf 85' lang='lat' dir='ltr'>aliam</span> <span class='ocrx_word' id='word_1_471' title='bbox 1381 804 1524 843; x_wconf 81' lang='lat' dir='ltr'>imaginem</span> <span class='ocrx_word' id='word_1_472' title='bbox 1541 806 1610 835; x_wconf 86' lang='lat' dir='ltr'>inter</span> <span class='ocrx_word' id='word_1_473' title='bbox 1652 813 1759 863; x_wconf 42' lang='lat' dir='ltr'>&#39;tlh-visst·</span> 
     </span>
     <span class='ocr_line' id='line_1_61' title="bbox 1620 845 1751 864; baseline 0.008 -1"><span class='ocrx_word' id='word_1_474' title='bbox 1620 851 1648 863; x_wconf 89' lang='lat' dir='ltr'>nu</span> <span class='ocrx_word' id='word_1_475' title='bbox 1661 845 1678 864; x_wconf 63' lang='lat' dir='ltr'>la</span> <span class='ocrx_word' id='word_1_476' title='bbox 1726 847 1737 860; x_wconf 52' lang='lat'>*1</span> <span class='ocrx_word' id='word_1_477' title='bbox 1749 858 1751 861; x_wconf 57' lang='grc' dir='ltr'>ι</span> 
     </span>
    </p>
   </div>
   <div class='ocr_carea' id='block_1_13' title="bbox 891 849 1610 983">
    <p class='ocr_par' dir='ltr' id='par_1_14' title="bbox 891 849 1610 983">
     <span class='ocr_line' id='line_1_62' title="bbox 892 849 1608 887; baseline 0.008 -12"><span class='ocrx_word' id='word_1_478' title='bbox 892 854 961 876; x_wconf 77' lang='lat' dir='ltr'>astra</span> <span class='ocrx_word' id='word_1_479' title='bbox 983 855 1147 886; x_wconf 81' lang='lat' dir='ltr'>regnantem.</span> <span class='ocrx_word' id='word_1_480' title='bbox 1168 850 1230 878; x_wconf 54' lang='lat' dir='ltr'>lla-‘c</span> <span class='ocrx_word' id='word_1_481' title='bbox 1249 849 1317 887; x_wconf 80' lang='lat' dir='ltr'>dixi,</span> <span class='ocrx_word' id='word_1_482' title='bbox 1338 857 1366 879; x_wconf 92' lang='lat' dir='ltr'>ut</span> <span class='ocrx_word' id='word_1_483' title='bbox 1387 861 1419 880; x_wconf 93' lang='lat' dir='ltr'>ne</span> <span class='ocrx_word' id='word_1_484' title='bbox 1439 851 1465 880; x_wconf 92' lang='lat' dir='ltr'>in</span> <span class='ocrx_word' id='word_1_485' title='bbox 1482 851 1608 881; x_wconf 85' lang='lat' dir='ltr'>dictionis</span> 
     </span>
     <span class='ocr_line' id='line_1_63' title="bbox 892 893 1609 936; baseline 0.008 -15"><span class='ocrx_word' id='word_1_486' title='bbox 892 893 1018 922; x_wconf 76' lang='lat' dir='ltr'>tenuitate</span> <span class='ocrx_word' id='word_1_487' title='bbox 1029 894 1165 924; x_wconf 79' lang='lat' dir='ltr'>consistas.</span> <span class='ocrx_word' id='word_1_488' title='bbox 1183 896 1300 934; x_wconf 84' lang='lat' dir='ltr'>Lapsum</span> <span class='ocrx_word' id='word_1_489' title='bbox 1314 896 1510 936; x_wconf 88' lang='lat' dir='ltr'>discipulorum</span> <span class='ocrx_word' id='word_1_490' title='bbox 1524 905 1609 927; x_wconf 87' lang='lat' dir='ltr'>osten-</span> 
     </span>
     <span class='ocr_line' id='line_1_64' title="bbox 891 938 1610 983; baseline 0.007 -16"><span class='ocrx_word' id='word_1_491' title='bbox 891 938 932 967; x_wconf 87' lang='lat' dir='ltr'>di.</span> <span class='ocrx_word' id='word_1_492' title='bbox 959 939 1118 969; x_wconf 84' lang='lat' dir='ltr'>Ceciderunt</span> <span class='ocrx_word' id='word_1_493' title='bbox 1141 940 1167 969; x_wconf 94' lang='lat' dir='ltr'>in</span> <span class='ocrx_word' id='word_1_494' title='bbox 1191 947 1303 977; x_wconf 86' lang='lat' dir='ltr'>terram,</span> <span class='ocrx_word' id='word_1_495' title='bbox 1327 953 1421 982; x_wconf 87' lang='lat' dir='ltr'>sopore</span> <span class='ocrx_word' id='word_1_496' title='bbox 1444 945 1564 983; x_wconf 79' lang='lat' dir='ltr'>oppressi</span> <span class='ocrx_word' id='word_1_497' title='bbox 1584 951 1610 973; x_wconf 91' lang='lat' dir='ltr'>et</span> 
     </span>
    </p>
   </div>
   <div class='ocr_carea' id='block_1_14' title="bbox 1619 875 1682 902">
    <p class='ocr_par' dir='ltr' id='par_1_15' title="bbox 1619 875 1682 902">
     <span class='ocr_line' id='line_1_65' title="bbox 1619 875 1682 902; baseline 0.016 -8"><span class='ocrx_word' id='word_1_498' title='bbox 1619 875 1682 902; x_wconf 67' lang='lat' dir='ltr'>dign-i</span> 
     </span>
    </p>
   </div>
   <div class='ocr_carea' id='block_1_15' title="bbox 891 985 1730 1026">
    <p class='ocr_par' dir='ltr' id='par_1_16' title="bbox 891 985 1730 1026">
     <span class='ocr_line' id='line_1_66' title="bbox 891 985 1730 1026; baseline 0.002 -15"><span class='ocrx_word' id='word_1_499' title='bbox 891 985 1030 1023; x_wconf 81' lang='lat' dir='ltr'>aggravati</span> <span class='ocrx_word' id='word_1_500' title='bbox 1042 986 1247 1025; x_wconf 79' lang='lat' dir='ltr'>suut.Surgile,</span> <span class='ocrx_word' id='word_1_501' title='bbox 1258 987 1356 1026; x_wconf 85' lang='lat' dir='ltr'>inquit,</span> <span class='ocrx_word' id='word_1_502' title='bbox 1372 995 1398 1017; x_wconf 88' lang='lat' dir='ltr'>ct</span> <span class='ocrx_word' id='word_1_503' title='bbox 1412 989 1542 1018; x_wconf 73' lang='lat' dir='ltr'>excitavit</span> <span class='ocrx_word' id='word_1_504' title='bbox 1552 1000 1607 1023; x_wconf 78' lang='lat' dir='ltr'>eos,</span> <span class='ocrx_word' id='word_1_505' title='bbox 1622 995 1679 1015; x_wconf 65' lang='lat' dir='ltr'>llmt.</span> <span class='ocrx_word' id='word_1_506' title='bbox 1691 1002 1697 1013; x_wconf 90' lang='lat'>·.</span> <span class='ocrx_word' id='word_1_507' title='bbox 1721 1001 1730 1021; x_wconf 49' lang='grc' dir='ltr'>ᾗ</span> 
     </span>
    </p>
   </div>
   <div class='ocr_carea' id='block_1_16' title="bbox 893 1031 1612 1256">
    <p class='ocr_par' dir='ltr' id='par_1_17' title="bbox 893 1031 1612 1256">
     <span class='ocr_line' id='line_1_67' title="bbox 893 1031 1611 1074; baseline 0.01 -16"><span class='ocrx_word' id='word_1_508' title='bbox 893 1031 1083 1070; x_wconf 81' lang='lat' dir='ltr'>aggravatique</span> <span class='ocrx_word' id='word_1_509' title='bbox 1097 1039 1180 1061; x_wconf 86' lang='lat' dir='ltr'>erant.</span> <span class='ocrx_word' id='word_1_510' title='bbox 1195 1033 1459 1074; x_wconf 82' lang='lat' dir='ltr'>Splendorisquippe</span> <span class='ocrx_word' id='word_1_511' title='bbox 1472 1035 1611 1065; x_wconf 78' lang='lat' dir='ltr'>vehemen-</span> 
     </span>
     <span class='ocr_line' id='line_1_68' title="bbox 893 1076 1611 1121; baseline 0.008 -17"><span class='ocrx_word' id='word_1_512' title='bbox 893 1076 958 1104; x_wconf 86' lang='lat' dir='ltr'>tiam</span> <span class='ocrx_word' id='word_1_513' title='bbox 990 1086 1043 1105; x_wconf 89' lang='lat' dir='ltr'>non</span> <span class='ocrx_word' id='word_1_514' title='bbox 1075 1077 1210 1114; x_wconf 80' lang='lat' dir='ltr'>tulerant,</span> <span class='ocrx_word' id='word_1_515' title='bbox 1242 1079 1289 1108; x_wconf 88' lang='lat' dir='ltr'>sed</span> <span class='ocrx_word' id='word_1_516' title='bbox 1322 1090 1403 1119; x_wconf 85' lang='lat' dir='ltr'>sopor</span> <span class='ocrx_word' id='word_1_517' title='bbox 1433 1089 1611 1121; x_wconf 75' lang='lat' dir='ltr'>occupaverat</span> 
     </span>
     <span class='ocr_line' id='line_1_69' title="bbox 893 1122 1612 1167; baseline 0.008 -17"><span class='ocrx_word' id='word_1_518' title='bbox 893 1122 985 1151; x_wconf 87' lang='lat' dir='ltr'>oculos</span> <span class='ocrx_word' id='word_1_519' title='bbox 1012 1124 1176 1153; x_wconf 80' lang='lat' dir='ltr'>eorum:ita</span> <span class='ocrx_word' id='word_1_520' title='bbox 1203 1134 1298 1164; x_wconf 84' lang='lat' dir='ltr'>nempe</span> <span class='ocrx_word' id='word_1_521' title='bbox 1326 1125 1375 1155; x_wconf 82' lang='lat' dir='ltr'>lux</span> <span class='ocrx_word' id='word_1_522' title='bbox 1402 1126 1447 1156; x_wconf 86' lang='lat' dir='ltr'>illa</span> <span class='ocrx_word' id='word_1_523' title='bbox 1469 1127 1612 1167; x_wconf 83' lang='lat' dir='ltr'>splendens</span> 
     </span>
     <span class='ocr_line' id='line_1_70' title="bbox 894 1167 1609 1212; baseline 0.011 -17"><span class='ocrx_word' id='word_1_524' title='bbox 894 1167 976 1196; x_wconf 89' lang='lat' dir='ltr'>solem</span> <span class='ocrx_word' id='word_1_525' title='bbox 1013 1169 1167 1208; x_wconf 82' lang='lat' dir='ltr'>superabat.</span> <span class='ocrx_word' id='word_1_526' title='bbox 1203 1170 1280 1199; x_wconf 75' lang='lat' dir='ltr'>Dixit</span> <span class='ocrx_word' id='word_1_527' title='bbox 1313 1178 1402 1200; x_wconf 77' lang='lat' dir='ltr'>autem</span> <span class='ocrx_word' id='word_1_528' title='bbox 1436 1173 1609 1212; x_wconf 78' lang='lat' dir='ltr'>evangelista,</span> 
     </span>
     <span class='ocr_line' id='line_1_71' title="bbox 894 1214 1612 1256; baseline 0.01 -14"><span class='ocrx_word' id='word_1_529' title='bbox 894 1214 974 1242; x_wconf 76' lang='lat' dir='ltr'>St‘cut</span> <span class='ocrx_word' id='word_1_530' title='bbox 985 1214 1041 1249; x_wconf 80' lang='lat' dir='ltr'>sol,</span> <span class='ocrx_word' id='word_1_531' title='bbox 1057 1214 1186 1253; x_wconf 81' lang='lat' dir='ltr'>quiahoc</span> <span class='ocrx_word' id='word_1_532' title='bbox 1199 1223 1300 1244; x_wconf 88' lang='lat' dir='ltr'>astrum</span> <span class='ocrx_word' id='word_1_533' title='bbox 1316 1224 1408 1246; x_wconf 88' lang='lat' dir='ltr'>notum</span> <span class='ocrx_word' id='word_1_534' title='bbox 1428 1219 1505 1247; x_wconf 86' lang='lat' dir='ltr'>nobis</span> <span class='ocrx_word' id='word_1_535' title='bbox 1516 1226 1565 1256; x_wconf 72' lang='lat' dir='ltr'>est,</span> <span class='ocrx_word' id='word_1_536' title='bbox 1584 1227 1612 1248; x_wconf 83' lang='lat' dir='ltr'>ut</span> 
     </span>
    </p>
   </div>
   <div class='ocr_carea' id='block_1_17' title="bbox 870 1259 1612 1300">
    <p class='ocr_par' dir='ltr' id='par_1_18' title="bbox 870 1259 1612 1300">
     <span class='ocr_line' id='line_1_72' title="bbox 870 1259 1612 1300; baseline 0.008 -13"><span class='ocrx_word' id='word_1_537' title='bbox 870 1280 875 1287; x_wconf 82' lang='grc'>,</span> <span class='ocrx_word' id='word_1_538' title='bbox 895 1259 948 1288; x_wconf 82' lang='lat' dir='ltr'>alia</span> <span class='ocrx_word' id='word_1_539' title='bbox 968 1267 1038 1289; x_wconf 77' lang='lat' dir='ltr'>astra</span> <span class='ocrx_word' id='word_1_540' title='bbox 1061 1271 1199 1300; x_wconf 78' lang='lat' dir='ltr'>superans.</span> <span class='ocrx_word' id='word_1_541' title='bbox 1217 1263 1332 1299; x_wconf 89' lang='lat' dir='ltr'>Verum,</span> <span class='ocrx_word' id='word_1_542' title='bbox 1358 1270 1387 1292; x_wconf 83' lang='lat' dir='ltr'>ut</span> <span class='ocrx_word' id='word_1_543' title='bbox 1411 1263 1532 1293; x_wconf 85' lang='lat' dir='ltr'>dicebam</span> <span class='ocrx_word' id='word_1_544' title='bbox 1545 1286 1553 1300; x_wconf 82' lang='lat'>,</span> <span class='ocrx_word' id='word_1_545' title='bbox 1566 1265 1612 1294; x_wconf 94' lang='lat' dir='ltr'>ille</span> 
     </span>
    </p>
   </div>
   <div class='ocr_carea' id='block_1_18' title="bbox 886 1307 1615 2494">
    <p class='ocr_par' dir='ltr' id='par_1_19' title="bbox 886 1307 1615 2494">
     <span class='ocr_line' id='line_1_73' title="bbox 895 1307 1611 1348; baseline 0.007 -14"><span class='ocrx_word' id='word_1_546' title='bbox 895 1313 983 1335; x_wconf 88' lang='lat' dir='ltr'>tantus</span> <span class='ocrx_word' id='word_1_547' title='bbox 996 1313 1021 1335; x_wconf 84' lang='lat' dir='ltr'>ct</span> <span class='ocrx_word' id='word_1_548' title='bbox 1034 1307 1095 1336; x_wconf 84' lang='lat' dir='ltr'>talis</span> <span class='ocrx_word' id='word_1_549' title='bbox 1110 1309 1273 1338; x_wconf 83' lang='lat' dir='ltr'>meretricem</span> <span class='ocrx_word' id='word_1_550' title='bbox 1286 1310 1452 1348; x_wconf 78' lang='lat' dir='ltr'>concupivit.</span> <span class='ocrx_word' id='word_1_551' title='bbox 1470 1313 1510 1339; x_wconf 77' lang='lat' dir='ltr'>An</span> <span class='ocrx_word' id='word_1_552' title='bbox 1526 1321 1611 1340; x_wconf 81' lang='lat' dir='ltr'>inere·-</span> 
     </span>
     <span class='ocr_line' id='line_1_74' title="bbox 895 1351 1609 1391; baseline 0.007 -12"><span class='ocrx_word' id='word_1_553' title='bbox 895 1351 988 1380; x_wconf 86' lang='lat' dir='ltr'>trieem</span> <span class='ocrx_word' id='word_1_554' title='bbox 1007 1352 1171 1391; x_wconf 83' lang='lat' dir='ltr'>concupiscit</span> <span class='ocrx_word' id='word_1_555' title='bbox 1191 1354 1284 1382; x_wconf 72' lang='lat' dir='ltr'>Deus?</span> <span class='ocrx_word' id='word_1_556' title='bbox 1307 1354 1396 1383; x_wconf 85' lang='lat' dir='ltr'>Etiam</span> <span class='ocrx_word' id='word_1_557' title='bbox 1420 1355 1585 1384; x_wconf 74' lang='lat' dir='ltr'>meretricem</span> <span class='ocrx_word' id='word_1_558' title='bbox 1603 1369 1609 1383; x_wconf 70' lang='grc' dir='ltr'>ε</span> 
     </span>
     <span class='ocr_line' id='line_1_75' title="bbox 895 1397 1610 1441; baseline 0.008 -16"><span class='ocrx_word' id='word_1_559' title='bbox 895 1404 1017 1426; x_wconf 85' lang='lat' dir='ltr'>naturam</span> <span class='ocrx_word' id='word_1_560' title='bbox 1037 1397 1098 1427; x_wconf 87' lang='lat' dir='ltr'>dico</span> <span class='ocrx_word' id='word_1_561' title='bbox 1119 1405 1246 1428; x_wconf 82' lang='lat' dir='ltr'>nostram.</span> <span class='ocrx_word' id='word_1_562' title='bbox 1263 1400 1464 1429; x_wconf 84' lang='lat' dir='ltr'>Meretricemne</span> <span class='ocrx_word' id='word_1_563' title='bbox 1482 1403 1610 1441; x_wconf 85' lang='lat' dir='ltr'>concupi-</span> 
     </span>
     <span class='ocr_line' id='line_1_76' title="bbox 893 1443 1610 1483; baseline 0.006 -11"><span class='ocrx_word' id='word_1_564' title='bbox 893 1443 943 1473; x_wconf 85' lang='lat' dir='ltr'>scit</span> <span class='ocrx_word' id='word_1_565' title='bbox 953 1443 1047 1473; x_wconf 74' lang='lat' dir='ltr'>Deus?</span> <span class='ocrx_word' id='word_1_566' title='bbox 1060 1445 1148 1473; x_wconf 87' lang='lat' dir='ltr'>Homo</span> <span class='ocrx_word' id='word_1_567' title='bbox 1166 1445 1275 1483; x_wconf 87' lang='lat' dir='ltr'>quidem</span> <span class='ocrx_word' id='word_1_568' title='bbox 1289 1445 1311 1474; x_wconf 92' lang='lat' dir='ltr'>si</span> <span class='ocrx_word' id='word_1_569' title='bbox 1326 1447 1491 1480; x_wconf 55' lang='lat' dir='ltr'>meretricari</span> <span class='ocrx_word' id='word_1_570' title='bbox 1512 1458 1610 1476; x_wconf 93' lang='lat' dir='ltr'>concu-</span> 
     </span>
     <span class='ocr_line' id='line_1_77' title="bbox 894 1489 1612 1533; baseline 0.007 -16"><span class='ocrx_word' id='word_1_571' title='bbox 894 1489 988 1529; x_wconf 76' lang='lat' dir='ltr'>piscat,</span> <span class='ocrx_word' id='word_1_572' title='bbox 1003 1489 1156 1527; x_wconf 81' lang='lat' dir='ltr'>damnatur,</span> <span class='ocrx_word' id='word_1_573' title='bbox 1172 1497 1197 1519; x_wconf 88' lang='lat' dir='ltr'>et</span> <span class='ocrx_word' id='word_1_574' title='bbox 1211 1492 1285 1520; x_wconf 86' lang='lat' dir='ltr'>Deus</span> <span class='ocrx_word' id='word_1_575' title='bbox 1302 1492 1467 1521; x_wconf 80' lang='lat' dir='ltr'>meretricem</span> <span class='ocrx_word' id='word_1_576' title='bbox 1483 1494 1612 1533; x_wconf 84' lang='lat' dir='ltr'>concupi-</span> 
     </span>
     <span class='ocr_line' id='line_1_78' title="bbox 894 1535 1612 1578; baseline 0.006 -14"><span class='ocrx_word' id='word_1_577' title='bbox 894 1535 957 1564; x_wconf 74' lang='lat' dir='ltr'>scit?</span> <span class='ocrx_word' id='word_1_578' title='bbox 964 1536 1032 1565; x_wconf 85' lang='lat' dir='ltr'>Sane</span> <span class='ocrx_word' id='word_1_579' title='bbox 1042 1535 1253 1574; x_wconf 81' lang='lat' dir='ltr'>quidem-Homo</span> <span class='ocrx_word' id='word_1_580' title='bbox 1261 1537 1426 1566; x_wconf 84' lang='lat' dir='ltr'>meretricem</span> <span class='ocrx_word' id='word_1_581' title='bbox 1437 1540 1612 1578; x_wconf 82' lang='lat' dir='ltr'>concupiscit,</span> 
     </span>
     <span class='ocr_line' id='line_1_79' title="bbox 894 1581 1614 1620; baseline 0.007 -11"><span class='ocrx_word' id='word_1_582' title='bbox 894 1588 923 1610; x_wconf 90' lang='lat' dir='ltr'>ut</span> <span class='ocrx_word' id='word_1_583' title='bbox 934 1581 1091 1610; x_wconf 81' lang='lat' dir='ltr'>fornicarius</span> <span class='ocrx_word' id='word_1_584' title='bbox 1115 1582 1264 1620; x_wconf 68' lang='lat' dir='ltr'>efficiatur,</span> <span class='ocrx_word' id='word_1_585' title='bbox 1280 1584 1352 1612; x_wconf 87' lang='lat' dir='ltr'>Deus</span> <span class='ocrx_word' id='word_1_586' title='bbox 1363 1594 1428 1613; x_wconf 85' lang='lat' dir='ltr'>vero</span> <span class='ocrx_word' id='word_1_587' title='bbox 1446 1585 1614 1614; x_wconf 86' lang='lat' dir='ltr'>meretricem</span> 
     </span>
     <span class='ocr_line' id='line_1_80' title="bbox 893 1627 1615 1670; baseline 0.006 -14"><span class='ocrx_word' id='word_1_588' title='bbox 893 1627 1073 1667; x_wconf 85' lang='lat' dir='ltr'>concupiscit,</span> <span class='ocrx_word' id='word_1_589' title='bbox 1095 1635 1125 1657; x_wconf 91' lang='lat' dir='ltr'>ut</span> <span class='ocrx_word' id='word_1_590' title='bbox 1151 1632 1209 1657; x_wconf 79' lang='lat' dir='ltr'>eain</span> <span class='ocrx_word' id='word_1_591' title='bbox 1233 1629 1364 1667; x_wconf 79' lang='lat' dir='ltr'>virginem</span> <span class='ocrx_word' id='word_1_592' title='bbox 1392 1631 1489 1659; x_wconf 82' lang='lat' dir='ltr'>efficiat</span> <span class='ocrx_word' id='word_1_593' title='bbox 1504 1642 1510 1658; x_wconf 74' lang='grc' dir='ltr'><strong><em>ε</em></strong></span> <span class='ocrx_word' id='word_1_594' title='bbox 1525 1631 1615 1670; x_wconf 83' lang='lat' dir='ltr'>itaque</span> 
     </span>
     <span class='ocr_line' id='line_1_81' title="bbox 893 1674 1611 1716; baseline 0.006 -14"><span class='ocrx_word' id='word_1_595' title='bbox 893 1674 1106 1713; x_wconf 84' lang='lat' dir='ltr'>concupiscentia</span> <span class='ocrx_word' id='word_1_596' title='bbox 1116 1675 1244 1711; x_wconf 90' lang='lat' dir='ltr'>hominis,</span> <span class='ocrx_word' id='word_1_597' title='bbox 1253 1676 1401 1716; x_wconf 59' lang='lat' dir='ltr'>concupitae</span> <span class='ocrx_word' id='word_1_598' title='bbox 1413 1677 1544 1716; x_wconf 84' lang='lat' dir='ltr'>pernicies</span> <span class='ocrx_word' id='word_1_599' title='bbox 1555 1686 1593 1708; x_wconf 88' lang='lat' dir='ltr'>cst</span> <span class='ocrx_word' id='word_1_600' title='bbox 1605 1691 1611 1706; x_wconf 90' lang='lat'>:</span> 
     </span>
     <span class='ocr_line' id='line_1_82' title="bbox 892 1720 1609 1762; baseline 0.007 -14"><span class='ocrx_word' id='word_1_601' title='bbox 892 1720 1105 1760; x_wconf 86' lang='lat' dir='ltr'>concupiscentia</span> <span class='ocrx_word' id='word_1_602' title='bbox 1126 1731 1190 1750; x_wconf 87' lang='lat' dir='ltr'>vero</span> <span class='ocrx_word' id='word_1_603' title='bbox 1211 1721 1273 1757; x_wconf 86' lang='lat' dir='ltr'>Dei,</span> <span class='ocrx_word' id='word_1_604' title='bbox 1289 1728 1328 1750; x_wconf 90' lang='lat' dir='ltr'>est</span> <span class='ocrx_word' id='word_1_605' title='bbox 1351 1723 1498 1762; x_wconf 73' lang='lat' dir='ltr'>concupitae</span> <span class='ocrx_word' id='word_1_606' title='bbox 1525 1724 1609 1753; x_wconf 86' lang='lat' dir='ltr'>salus.</span> 
     </span>
     <span class='ocr_line' id='line_1_83' title="bbox 893 1766 1613 1808; baseline 0.007 -14"><span class='ocrx_word' id='word_1_607' title='bbox 893 1766 997 1795; x_wconf 81' lang='lat' dir='ltr'>Tantus</span> <span class='ocrx_word' id='word_1_608' title='bbox 1011 1776 1041 1795; x_wconf 81' lang='lat' dir='ltr'>ac</span> <span class='ocrx_word' id='word_1_609' title='bbox 1053 1766 1114 1795; x_wconf 82' lang='lat' dir='ltr'>talis</span> <span class='ocrx_word' id='word_1_610' title='bbox 1134 1767 1301 1796; x_wconf 84' lang='lat' dir='ltr'>meretricem</span> <span class='ocrx_word' id='word_1_611' title='bbox 1315 1769 1489 1808; x_wconf 76' lang='lat' dir='ltr'>concupivit?</span> <span class='ocrx_word' id='word_1_612' title='bbox 1503 1770 1613 1807; x_wconf 74' lang='lat' dir='ltr'>Quare?</span> 
     </span>
     <span class='ocr_line' id='line_1_84' title="bbox 893 1812 1614 1851; baseline 0.007 -11"><span class='ocrx_word' id='word_1_613' title='bbox 893 1812 932 1841; x_wconf 85' lang='lat' dir='ltr'>Ut</span> <span class='ocrx_word' id='word_1_614' title='bbox 950 1812 1025 1841; x_wconf 85' lang='lat' dir='ltr'>fieret</span> <span class='ocrx_word' id='word_1_615' title='bbox 1046 1823 1169 1851; x_wconf 87' lang='lat' dir='ltr'>sponsus.</span> <span class='ocrx_word' id='word_1_616' title='bbox 1184 1813 1258 1850; x_wconf 89' lang='lat' dir='ltr'>Quid</span> <span class='ocrx_word' id='word_1_617' title='bbox 1281 1823 1345 1842; x_wconf 86' lang='lat' dir='ltr'>vero</span> <span class='ocrx_word' id='word_1_618' title='bbox 1364 1814 1444 1844; x_wconf 78' lang='lat' dir='ltr'>facit?</span> <span class='ocrx_word' id='word_1_619' title='bbox 1458 1816 1518 1845; x_wconf 87' lang='lat' dir='ltr'>Non</span> <span class='ocrx_word' id='word_1_620' title='bbox 1532 1817 1614 1845; x_wconf 88' lang='lat' dir='ltr'>mittit</span> 
     </span>
     <span class='ocr_line' id='line_1_85' title="bbox 892 1856 1611 1901; baseline 0.01 -16"><span class='ocrx_word' id='word_1_621' title='bbox 892 1856 928 1886; x_wconf 80' lang='lat' dir='ltr'>ad</span> <span class='ocrx_word' id='word_1_622' title='bbox 949 1868 1007 1886; x_wconf 89' lang='lat' dir='ltr'>eam</span> <span class='ocrx_word' id='word_1_623' title='bbox 1029 1858 1147 1897; x_wconf 81' lang='lat' dir='ltr'>aliquem</span> <span class='ocrx_word' id='word_1_624' title='bbox 1161 1869 1312 1895; x_wconf 83' lang='lat' dir='ltr'>servorum,</span> <span class='ocrx_word' id='word_1_625' title='bbox 1328 1870 1379 1888; x_wconf 94' lang='lat' dir='ltr'>non</span> <span class='ocrx_word' id='word_1_626' title='bbox 1393 1861 1474 1890; x_wconf 86' lang='lat' dir='ltr'>mittit</span> <span class='ocrx_word' id='word_1_627' title='bbox 1486 1863 1611 1901; x_wconf 83' lang='lat' dir='ltr'>angelum</span> 
     </span>
     <span class='ocr_line' id='line_1_86' title="bbox 891 1902 1611 1944; baseline 0.008 -13"><span class='ocrx_word' id='word_1_628' title='bbox 891 1902 925 1931; x_wconf 86' lang='lat' dir='ltr'>ad</span> <span class='ocrx_word' id='word_1_629' title='bbox 937 1904 1113 1940; x_wconf 87' lang='lat' dir='ltr'>meretricem,</span> <span class='ocrx_word' id='word_1_630' title='bbox 1135 1914 1187 1933; x_wconf 85' lang='lat' dir='ltr'>non</span> <span class='ocrx_word' id='word_1_631' title='bbox 1204 1905 1396 1944; x_wconf 87' lang='lat' dir='ltr'>archangelum</span> <span class='ocrx_word' id='word_1_632' title='bbox 1407 1929 1415 1942; x_wconf 86' lang='lat'>‚</span> <span class='ocrx_word' id='word_1_633' title='bbox 1428 1917 1480 1935; x_wconf 89' lang='lat' dir='ltr'>non</span> <span class='ocrx_word' id='word_1_634' title='bbox 1504 1908 1611 1937; x_wconf 88' lang='lat' dir='ltr'>Cheru-</span> 
     </span>
     <span class='ocr_line' id='line_1_87' title="bbox 890 1947 1608 1988; baseline 0.008 -12"><span class='ocrx_word' id='word_1_635' title='bbox 890 1947 948 1976; x_wconf 84' lang='lat' dir='ltr'>him</span> <span class='ocrx_word' id='word_1_636' title='bbox 974 1949 1015 1977; x_wconf 82' lang='lat' dir='ltr'>ve]</span> <span class='ocrx_word' id='word_1_637' title='bbox 1040 1948 1183 1987; x_wconf 81' lang='lat' dir='ltr'>Seraphim</span> <span class='ocrx_word' id='word_1_638' title='bbox 1199 1959 1206 1975; x_wconf 77' lang='lat' dir='ltr'><em>z</em></span> <span class='ocrx_word' id='word_1_639' title='bbox 1222 1949 1269 1977; x_wconf 88' lang='lat' dir='ltr'>sed</span> <span class='ocrx_word' id='word_1_640' title='bbox 1294 1950 1350 1988; x_wconf 83' lang='lat' dir='ltr'>ipse</span> <span class='ocrx_word' id='word_1_641' title='bbox 1376 1957 1478 1980; x_wconf 81' lang='lat' dir='ltr'>amator</span> <span class='ocrx_word' id='word_1_642' title='bbox 1496 1952 1608 1982; x_wconf 76' lang='lat' dir='ltr'>accedit.</span> 
     </span>
     <span class='ocr_line' id='line_1_88' title="bbox 890 1993 1609 2035; baseline 0.01 -14"><span class='ocrx_word' id='word_1_643' title='bbox 890 1995 1011 2022; x_wconf 86' lang='lat' dir='ltr'>Rursum</span> <span class='ocrx_word' id='word_1_644' title='bbox 1023 2005 1086 2022; x_wconf 92' lang='lat' dir='ltr'>cum</span> <span class='ocrx_word' id='word_1_645' title='bbox 1104 1993 1182 2023; x_wconf 81' lang='lat' dir='ltr'>audis</span> <span class='ocrx_word' id='word_1_646' title='bbox 1200 2004 1329 2031; x_wconf 83' lang='lat' dir='ltr'>amorem,</span> <span class='ocrx_word' id='word_1_647' title='bbox 1345 2005 1378 2024; x_wconf 93' lang='lat' dir='ltr'>ne</span> <span class='ocrx_word' id='word_1_648' title='bbox 1388 2003 1465 2035; x_wconf 88' lang='lat' dir='ltr'>putes</span> <span class='ocrx_word' id='word_1_649' title='bbox 1478 2008 1538 2027; x_wconf 89' lang='lat' dir='ltr'>eum</span> <span class='ocrx_word' id='word_1_650' title='bbox 1553 2009 1609 2028; x_wconf 87' lang='lat' dir='ltr'>esse</span> 
     </span>
     <span class='ocr_line' id='line_1_89' title="bbox 889 2039 1610 2077; baseline 0.011 -11"><span class='ocrx_word' id='word_1_651' title='bbox 889 2039 934 2077; x_wconf 85' lang='lat' dir='ltr'>qui</span> <span class='ocrx_word' id='word_1_652' title='bbox 947 2039 998 2067; x_wconf 87' lang='lat' dir='ltr'>suh</span> <span class='ocrx_word' id='word_1_653' title='bbox 1012 2049 1119 2067; x_wconf 87' lang='lat' dir='ltr'>sensum</span> <span class='ocrx_word' id='word_1_654' title='bbox 1133 2039 1215 2067; x_wconf 83' lang='lat' dir='ltr'>cadit.</span> <span class='ocrx_word' id='word_1_655' title='bbox 1230 2040 1368 2069; x_wconf 88' lang='lat' dir='ltr'>Delectum</span> <span class='ocrx_word' id='word_1_656' title='bbox 1384 2041 1454 2071; x_wconf 81' lang='lat' dir='ltr'>habe</span> <span class='ocrx_word' id='word_1_657' title='bbox 1467 2045 1610 2073; x_wconf 83' lang='lat' dir='ltr'>sententia-</span> 
     </span>
     <span class='ocr_line' id='line_1_90' title="bbox 890 2084 1609 2129; baseline 0.013 -18"><span class='ocrx_word' id='word_1_658' title='bbox 890 2095 950 2112; x_wconf 89' lang='lat' dir='ltr'>rum</span> <span class='ocrx_word' id='word_1_659' title='bbox 964 2084 992 2112; x_wconf 84' lang='lat' dir='ltr'>iu</span> <span class='ocrx_word' id='word_1_660' title='bbox 1005 2084 1105 2120; x_wconf 80' lang='lat' dir='ltr'>verbis,</span> <span class='ocrx_word' id='word_1_661' title='bbox 1115 2085 1342 2123; x_wconf 85' lang='lat' dir='ltr'>quemadmodum</span> <span class='ocrx_word' id='word_1_662' title='bbox 1353 2087 1452 2126; x_wconf 82' lang='lat' dir='ltr'>optima</span> <span class='ocrx_word' id='word_1_663' title='bbox 1467 2090 1536 2129; x_wconf 83' lang='lat' dir='ltr'>apis,</span> <span class='ocrx_word' id='word_1_664' title='bbox 1549 2101 1609 2129; x_wconf 86' lang='lat' dir='ltr'>quae</span> 
     </span>
     <span class='ocr_line' id='line_1_91' title="bbox 889 2128 1608 2174; baseline 0.013 -17"><span class='ocrx_word' id='word_1_665' title='bbox 889 2128 922 2157; x_wconf 88' lang='lat' dir='ltr'>ad</span> <span class='ocrx_word' id='word_1_666' title='bbox 941 2129 1020 2158; x_wconf 88' lang='lat' dir='ltr'>flores</span> <span class='ocrx_word' id='word_1_667' title='bbox 1038 2129 1157 2165; x_wconf 79' lang='lat' dir='ltr'>advolat,</span> <span class='ocrx_word' id='word_1_668' title='bbox 1176 2137 1203 2159; x_wconf 86' lang='lat' dir='ltr'>et</span> <span class='ocrx_word' id='word_1_669' title='bbox 1222 2131 1314 2160; x_wconf 81' lang='lat' dir='ltr'>favum</span> <span class='ocrx_word' id='word_1_670' title='bbox 1329 2133 1436 2172; x_wconf 83' lang='lat' dir='ltr'>accipit,</span> <span class='ocrx_word' id='word_1_671' title='bbox 1457 2135 1608 2174; x_wconf 81' lang='lat' dir='ltr'>herbasque</span> 
     </span>
     <span class='ocr_line' id='line_1_92' title="bbox 888 2173 1608 2217; baseline 0.01 -15"><span class='ocrx_word' id='word_1_672' title='bbox 888 2173 1026 2212; x_wconf 86' lang='lat' dir='ltr'>relinquit.</span> <span class='ocrx_word' id='word_1_673' title='bbox 1039 2175 1207 2203; x_wconf 84' lang='lat' dir='ltr'>Meretricem</span> <span class='ocrx_word' id='word_1_674' title='bbox 1222 2176 1378 2214; x_wconf 62' lang='lat' dir='ltr'>concupivit</span> <span class='ocrx_word' id='word_1_675' title='bbox 1389 2184 1430 2206; x_wconf 86' lang='lat' dir='ltr'>:et</span> <span class='ocrx_word' id='word_1_676' title='bbox 1441 2178 1511 2217; x_wconf 88' lang='lat' dir='ltr'>quid</span> <span class='ocrx_word' id='word_1_677' title='bbox 1523 2180 1608 2209; x_wconf 76' lang='lat' dir='ltr'>facit?</span> 
     </span>
     <span class='ocr_line' id='line_1_93' title="bbox 887 2220 1609 2256; baseline 0.011 -8"><span class='ocrx_word' id='word_1_678' title='bbox 887 2221 946 2248; x_wconf 89' lang='lat' dir='ltr'>Non</span> <span class='ocrx_word' id='word_1_679' title='bbox 959 2230 1066 2249; x_wconf 88' lang='lat' dir='ltr'>sursum</span> <span class='ocrx_word' id='word_1_680' title='bbox 1081 2231 1139 2249; x_wconf 80' lang='lat' dir='ltr'>eam</span> <span class='ocrx_word' id='word_1_681' title='bbox 1150 2220 1225 2249; x_wconf 91' lang='lat' dir='ltr'>ducit</span> <span class='ocrx_word' id='word_1_682' title='bbox 1240 2233 1245 2248; x_wconf 74' lang='grc' dir='ltr'>ι</span> <span class='ocrx_word' id='word_1_683' title='bbox 1263 2221 1346 2250; x_wconf 90' lang='lat' dir='ltr'>nollet</span> <span class='ocrx_word' id='word_1_684' title='bbox 1359 2223 1430 2252; x_wconf 92' lang='lat' dir='ltr'>enim</span> <span class='ocrx_word' id='word_1_685' title='bbox 1442 2226 1609 2256; x_wconf 85' lang='lat' dir='ltr'>meretricem</span> 
     </span>
     <span class='ocr_line' id='line_1_94' title="bbox 889 2265 1608 2307; baseline 0.011 -14"><span class='ocrx_word' id='word_1_686' title='bbox 889 2265 914 2293; x_wconf 91' lang='lat' dir='ltr'>in</span> <span class='ocrx_word' id='word_1_687' title='bbox 928 2266 1022 2295; x_wconf 65' lang='lat' dir='ltr'>caelum</span> <span class='ocrx_word' id='word_1_688' title='bbox 1034 2265 1177 2301; x_wconf 86' lang='lat' dir='ltr'>adducere,</span> <span class='ocrx_word' id='word_1_689' title='bbox 1191 2266 1237 2295; x_wconf 88' lang='lat' dir='ltr'>sed</span> <span class='ocrx_word' id='word_1_690' title='bbox 1249 2266 1296 2296; x_wconf 88' lang='lat' dir='ltr'>ille</span> <span class='ocrx_word' id='word_1_691' title='bbox 1307 2266 1456 2300; x_wconf 89' lang='lat' dir='ltr'>descendit.</span> <span class='ocrx_word' id='word_1_692' title='bbox 1475 2271 1546 2307; x_wconf 81' lang='lat' dir='ltr'>Quia</span> <span class='ocrx_word' id='word_1_693' title='bbox 1561 2273 1608 2301; x_wconf 82' lang='lat' dir='ltr'>illa</span> 
     </span>
     <span class='ocr_line' id='line_1_95' title="bbox 889 2313 1607 2355; baseline 0.013 -16"><span class='ocrx_word' id='word_1_694' title='bbox 889 2321 941 2339; x_wconf 88' lang='lat' dir='ltr'>non</span> <span class='ocrx_word' id='word_1_695' title='bbox 966 2319 1068 2351; x_wconf 84' lang='lat' dir='ltr'>poterat</span> <span class='ocrx_word' id='word_1_696' title='bbox 1092 2322 1200 2341; x_wconf 86' lang='lat' dir='ltr'>sursum</span> <span class='ocrx_word' id='word_1_697' title='bbox 1224 2313 1364 2342; x_wconf 80' lang='lat' dir='ltr'>ascendere</span> <span class='ocrx_word' id='word_1_698' title='bbox 1375 2337 1382 2349; x_wconf 95' lang='lat'>‚</span> <span class='ocrx_word' id='word_1_699' title='bbox 1402 2315 1458 2355; x_wconf 88' lang='lat' dir='ltr'>ipse</span> <span class='ocrx_word' id='word_1_700' title='bbox 1482 2317 1607 2347; x_wconf 90' lang='lat' dir='ltr'>deorsum</span> 
     </span>
     <span class='ocr_line' id='line_1_96' title="bbox 889 2358 1607 2398; baseline 0.01 -12"><span class='ocrx_word' id='word_1_701' title='bbox 889 2365 1023 2397; x_wconf 85' lang='lat' dir='ltr'>properat.</span> <span class='ocrx_word' id='word_1_702' title='bbox 1039 2358 1081 2387; x_wconf 86' lang='lat' dir='ltr'>Ad</span> <span class='ocrx_word' id='word_1_703' title='bbox 1097 2358 1260 2387; x_wconf 85' lang='lat' dir='ltr'>meretricem</span> <span class='ocrx_word' id='word_1_704' title='bbox 1271 2359 1432 2398; x_wconf 82' lang='lat' dir='ltr'>ingreditur,</span> <span class='ocrx_word' id='word_1_705' title='bbox 1449 2372 1496 2391; x_wconf 89' lang='lat' dir='ltr'>nec</span> <span class='ocrx_word' id='word_1_706' title='bbox 1508 2365 1607 2393; x_wconf 87' lang='lat' dir='ltr'>erube-</span> 
     </span>
     <span class='ocr_line' id='line_1_97' title="bbox 888 2403 1604 2443; baseline 0.01 -11"><span class='ocrx_word' id='word_1_707' title='bbox 888 2403 937 2432; x_wconf 87' lang='lat' dir='ltr'>scit</span> <span class='ocrx_word' id='word_1_708' title='bbox 947 2415 952 2430; x_wconf 93' lang='lat'>:</span> <span class='ocrx_word' id='word_1_709' title='bbox 963 2404 989 2432; x_wconf 87' lang='lat' dir='ltr'>in</span> <span class='ocrx_word' id='word_1_710' title='bbox 1001 2404 1059 2443; x_wconf 87' lang='lat' dir='ltr'>ejus</span> <span class='ocrx_word' id='word_1_711' title='bbox 1069 2404 1213 2432; x_wconf 81' lang='lat' dir='ltr'>latibulum</span> <span class='ocrx_word' id='word_1_712' title='bbox 1224 2404 1316 2434; x_wconf 86' lang='lat' dir='ltr'>intrat.</span> <span class='ocrx_word' id='word_1_713' title='bbox 1330 2406 1413 2436; x_wconf 80' lang='lat' dir='ltr'>Videt</span> <span class='ocrx_word' id='word_1_714' title='bbox 1423 2418 1481 2436; x_wconf 79' lang='lat' dir='ltr'>eam</span> <span class='ocrx_word' id='word_1_715' title='bbox 1492 2409 1604 2438; x_wconf 84' lang='lat' dir='ltr'>ebriam.</span> 
     </span>
     <span class='ocr_line' id='line_1_98' title="bbox 886 2452 1606 2494; baseline 0.007 -13"><span class='ocrx_word' id='word_1_716' title='bbox 886 2453 922 2481; x_wconf 90' lang='lat' dir='ltr'>Et</span> <span class='ocrx_word' id='word_1_717' title='bbox 933 2452 1068 2491; x_wconf 84' lang='lat' dir='ltr'>quomodo</span> <span class='ocrx_word' id='word_1_718' title='bbox 1081 2452 1172 2482; x_wconf 73' lang='lat' dir='ltr'>venit?</span> <span class='ocrx_word' id='word_1_719' title='bbox 1183 2453 1243 2482; x_wconf 83' lang='lat' dir='ltr'>Non</span> <span class='ocrx_word' id='word_1_720' title='bbox 1254 2453 1325 2482; x_wconf 80' lang='lat' dir='ltr'>nuda</span> <span class='ocrx_word' id='word_1_721' title='bbox 1337 2455 1484 2485; x_wconf 85' lang='lat' dir='ltr'>substantia</span> <span class='ocrx_word' id='word_1_722' title='bbox 1494 2469 1502 2494; x_wconf 85' lang='lat'>;</span> <span class='ocrx_word' id='word_1_723' title='bbox 1518 2457 1565 2486; x_wconf 87' lang='lat' dir='ltr'>sed</span> <span class='ocrx_word' id='word_1_724' title='bbox 1577 2458 1606 2486; x_wconf 90' lang='lat' dir='ltr'>id</span> 
     </span>
    </p>
   </div>
   <div class='ocr_carea' id='block_1_19' title="bbox 882 2501 1605 2541">
    <p class='ocr_par' dir='ltr' id='par_1_20' title="bbox 882 2501 1605 2541">
     <span class='ocr_line' id='line_1_99' title="bbox 882 2501 1605 2541; baseline 0.008 -11"><span class='ocrx_word' id='word_1_725' title='bbox 882 2502 1007 2539; x_wconf 81' lang='lat' dir='ltr'>efficitur,</span> <span class='ocrx_word' id='word_1_726' title='bbox 1022 2501 1095 2541; x_wconf 88' lang='lat' dir='ltr'>quod</span> <span class='ocrx_word' id='word_1_727' title='bbox 1113 2509 1170 2531; x_wconf 85' lang='lat' dir='ltr'>erat</span> <span class='ocrx_word' id='word_1_728' title='bbox 1191 2503 1337 2540; x_wconf 73' lang='lat' dir='ltr'>meretrix,</span> <span class='ocrx_word' id='word_1_729' title='bbox 1350 2515 1401 2534; x_wconf 90' lang='lat' dir='ltr'>non</span> <span class='ocrx_word' id='word_1_730' title='bbox 1422 2506 1559 2535; x_wconf 73' lang='lat' dir='ltr'>voluntate</span> <span class='ocrx_word' id='word_1_731' title='bbox 1580 2515 1605 2535; x_wconf 79' lang='lat' dir='ltr'>et</span> 
     </span>
    </p>
   </div>
   <div class='ocr_carea' id='block_1_20' title="bbox 888 2595 1329 2631">
    <p class='ocr_par' dir='ltr' id='par_1_21' title="bbox 888 2595 1329 2631">
     <span class='ocr_line' id='line_1_100' title="bbox 888 2595 1329 2631; baseline 0.009 -12"><span class='ocrx_word' id='word_1_732' title='bbox 888 2597 900 2614; x_wconf 72' lang='lat'>1¹</span> <span class='ocrx_word' id='word_1_733' title='bbox 912 2596 919 2626; x_wconf 77' lang='grc' dir='ltr'><strong>Ῑ</strong></span> <span class='ocrx_word' id='word_1_734' title='bbox 931 2595 974 2620; x_wconf 69' lang='lat' dir='ltr'>sax</span> <span class='ocrx_word' id='word_1_735' title='bbox 982 2595 1007 2621; x_wconf 91' lang='lat' dir='ltr'>il.</span> <span class='ocrx_word' id='word_1_736' title='bbox 1018 2600 1082 2623; x_wconf 69' lang='grc' dir='ltr'>πάνυ.</span> <span class='ocrx_word' id='word_1_737' title='bbox 1096 2600 1159 2631; x_wconf 61' lang='grc' dir='ltr'>ἀνθρ.</span> <span class='ocrx_word' id='word_1_738' title='bbox 1173 2600 1215 2630; x_wconf 63' lang='grc' dir='ltr'>μὲν</span> <span class='ocrx_word' id='word_1_739' title='bbox 1226 2601 1267 2629; x_wconf 58' lang='grc' dir='ltr'>γὰρ</span> <span class='ocrx_word' id='word_1_740' title='bbox 1283 2599 1329 2628; x_wconf 56' lang='grc' dir='ltr'>ἐπ]</span> 
     </span>
    </p>
   </div>
  </div>
 </body>
</html>
