1843 2810
260 116 325 161 780
596 132 624 154 s.
654 133 792 157 soi-mnis
820 136 1001 159 cunrsosr.

426 235 475 263 CI.
492 235 594 264 Severo
606 238 785 275 presbytero.

136 324 176 369 ,ΑΒ
189 332 246 346 ³⁸⁰⁰
294 325 366 362 Nos,
391 325 439 354 etsi
462 326 671 355 desertissimum
692 328 782 357 locum
800 328 943 357 incolentes
956 351 963 365 ‚
981 328 1000 349 D

102 352 157 413 ἑξ]
217 356 243 377 ²³
253 381 322 410 saepe
335 378 422 400 tamen
435 372 469 400 ad
484 379 509 400 te
527 373 691 411 scripsimus,
716 383 813 411 eosque
827 374 873 412 qui
888 374 966 403 istinc

252 417 364 446 veniunt
377 417 410 445 de
425 424 468 445 tua
484 417 637 445 valetudine
649 418 777 446 sciscitari
795 419 905 448 minime
920 419 966 448 de-

251 462 371 490 sinimus.
386 461 449 489 Tibi
463 472 526 490 vero
538 461 604 499 quid
617 473 702 491 causae
714 463 749 491 sit
761 464 859 499 nescio,
872 475 965 502 quam-

251 507 358 542 obrem,
379 517 438 534 cum
458 513 511 534 tam
532 507 624 536 insano
642 509 725 537 nostri
741 520 830 538 amore
850 510 964 548 flagres,

251 559 331 590 atque
356 551 480 591 perfacile
502 553 619 581 nancisci
644 554 730 593 possis
756 555 856 592 quibus
874 555 965 584 literas

249 597 306 629 des,
322 597 496 636 perdiuturno
512 604 596 626 tamen
616 605 734 638 tempore
748 599 835 628 sileas.
854 602 889 629 At
903 612 964 629 cum

250 653 297 670 nos
310 642 500 671 benevolentia}
513 643 598 681 illius,
617 655 698 682 quam
717 656 779 684 erga
794 656 841 674 nos
862 657 964 686 semper

249 698 303 726 prm
321 694 345 716 te
368 688 463 723 tulisti,
485 689 614 717 servorem
630 700 660 718 ac
676 690 854 720 sinceritatem
874 693 964 721 animo

249 736 544 774 complectimur‚etia1n
554 737 579 765 in
586 738 667 776 longo
677 737 780 767 silentio
792 750 962 778 permagnam

249 781 454 810 consolationem
469 783 598 820 capimus.
612 783 744 811 Caeterum
758 784 842 812 literis
857 796 964 823 quoque
980 791 997 813 E

249 826 302 854 tuis
321 837 437 865 perszepe
450 827 503 855 frui
520 828 652 867 cupimus,
669 829 767 867 quibus
782 828 815 857 de
830 836 875 858 tua
888 830 962 859 vale—

250 870 342 899 tudine
364 871 486 899 certiores
511 872 607 900 fiamus
625 883 737 911 :eaque,
759 884 819 911 qum
848 874 963 903 aliorum

248 926 368 945 sermone
380 917 536 956 accipimus,
550 929 583 946 ex
594 924 639 946 tua
651 918 755 957 lingua,
772 926 870 957 tuaque
882 930 962 948 manu

248 961 341 990 audire
355 962 501 991 studemus.
515 963 707 1000 Quamobrem,
721 964 828 993 domine
840 965 877 993 mi
888 976 964 994 reve-

248 1007 406 1036 rendissime
418 1031 426 1045 ,
443 1019 513 1037 nunc
529 1009 622 1037 saltem
637 1009 687 1037 hoc
696 1010 777 1038 facias
792 1021 881 1048 quaeso
893 1023 899 1038 ε
912 1011 963 1040 scis

247 1053 317 1080 enim
331 1064 410 1091 qnam
430 1054 506 1082 nobis
517 1054 567 1082 hac
581 1054 608 1082 in
620 1065 647 1083 re
659 1062 766 1093 gratum
780 1056 899 1085 facturus
913 1057 960 1085 sis.

247 1099 314 1126 Nam
329 1098 402 1136 quod
416 1099 452 1127 ad
468 1110 514 1127 nos
535 1099 639 1136 attinet,
658 1100 714 1128 sive
728 1101 885 1138 scribamus,
906 1102 963 1131 sive

247 1151 390 1182 taceamus,
414 1155 560 1183 numquam
575 1145 614 1173 tui
629 1145 780 1175 meminisse
794 1146 940 1176 desinimus
953 1170 961 1184 ‚

245 1200 356 1227 eamque
376 1190 524 1227 caritatem,
539 1191 615 1230 cujus
630 1191 678 1219 tibi
694 1192 826 1230 specimen
841 1193 959 1231 praehui-

244 1245 312 1270 mus,
330 1246 499 1274 quocumque
515 1235 540 1264 in
559 1237 618 1265 loco
632 1236 725 1273 simus,
745 1247 909 1266 conservare.
928 1238 960 1267 ld

244 1280 315 1308 enim
326 1290 387 1308 cum
400 1281 520 1318 facimus,
532 1281 565 1310 dc
578 1281 654 1311 nobis
668 1281 748 1310 ctiam
761 1282 868 1321 ipsimet
878 1294 960 1321 quam

243 1325 343 1363 optime
359 1336 498 1355 meremur.

965 1417 1000 1435 filtfl

420 1432 486 1459 CII.
510 1432 654 1461 Theodoto
670 1433 780 1461 lectori.
974 1444 992 1465 Α

90 1518 155 1569 ΞΜΓΜ
177 1519 232 1540 s⁰¹¹²
283 1521 357 1556 Quid
372 1521 432 1550 ais?
450 1523 542 1551 Plures
557 1523 583 1551 in
599 1530 623 1552 te
639 1534 709 1552 nunc
721 1535 802 1562 quam
817 1532 956 1564 exspecta-

97 1557 144 1577 ¹⁰³‘
242 1566 289 1594 bas
301 1567 398 1595 fluctus
410 1568 518 1596 excitati
533 1575 606 1605 sunt,
622 1569 656 1597 ob
668 1569 749 1607 idque
762 1570 933 1599 discruciaris
943 1572 956 1599 ,⁹

240 1613 297 1640 Imo
311 1613 438 1642 veroidco
449 1614 565 1651 gaudere
572 1615 874 1645 etexsultareconvenit.
886 1618 954 1645 Nam

239 1658 318 1686 etiam
333 1658 426 1687 beatus
448 1659 547 1687 Paulus
561 1659 596 1688 ad
611 1660 682 1688 hunc
697 1660 807 1688 modum
822 1661 935 1690 faciebat
946 1685 953 1698 ,

90 1701 154 1723 ΒΜ
168 1702 190 1724 5-
206 1703 227 1725 3·
239 1714 309 1732 nunc
321 1705 429 1742 quidem
443 1705 485 1733 his
499 1705 588 1734 verbis
602 1712 678 1734 utens
692 1717 698 1732 ε
712 1707 780 1734 Non
794 1707 887 1735 solum
904 1718 955 1735 mt-

240 1758 306 1785 tem,
321 1753 372 1780 sed
383 1755 471 1780 etiam
483 1753 645 1791 gloriamur
656 1755 686 1781 in
699 1754 954 1788 tribulationibus;

88 1793 177 1839 flflms,
193 1801 211 1816 ¹·
239 1808 308 1826 nune
323 1805 411 1826 antem
426 1798 477 1833 hiS‚
494 1799 615 1827 Gaudeo
630 1801 660 1826 in
672 1801 858 1837 passionibus
874 1803 953 1829 meis.

88 1831 124 1852 ΖΨ
238 1844 309 1871 Nam
324 1854 376 1881 quo
391 1844 476 1882 major
493 1850 517 1872 et
532 1844 646 1873 atrocior
666 1851 807 1883 tempestas
821 1846 910 1882 suerit,
924 1857 954 1875 eo

236 1899 341 1926 quoqne
356 1890 562 1928 majorquaestus
574 1889 634 1924 erit,
650 1890 842 1919 ctillusuiooes
853 1891 953 1930 patien-
971 1893 988 1915 Β

237 1934 280 1962 tiae
300 1945 420 1971 coronae,
451 1934 614 1973 praemiaque
635 1935 777 1974 ampliora.
813 1936 952 1974 Siquidem

237 1981 293 2018 ipse
308 1991 412 2018 quoque
424 1980 457 2008 de
471 1986 496 2008 te
508 1980 577 2008 bono
591 1980 680 2009 animo
695 1991 770 2017 sum,
788 1988 818 2009 ut
833 1982 880 2019 qui
895 1983 952 2011 ani-

237 2026 272 2053 mi
297 2026 334 2053 tui
358 2026 512 2054 firmitatem
527 2032 605 2063 atque
623 2027 798 2055 constantiam
823 2028 952 2066 explora—

237 2077 290 2099 tam
307 2071 418 2100 habeam
435 2083 440 2098 :
456 2078 482 2099 at
496 2081 587 2100 eorum
603 2082 692 2109 causa,
709 2072 756 2110 qui
778 2072 829 2100 tibi
841 2072 952 2102 insidias

236 2123 353 2149 struunt,
375 2117 451 2145 doleo
463 2125 488 2146 et
503 2118 682 2157 collacrymo,
703 2117 831 2146 nimirum
846 2119 917 2156 quod
931 2120 950 2147 ii

235 2161 359 2190 hostilem
376 2162 401 2190 in
416 2169 441 2190 te
459 2163 578 2191 animum
593 2169 695 2201 gerant,
711 2173 724 2191 a
744 2163 843 2201 quibus
858 2171 883 2192 te
899 2165 950 2193 coli

236 2206 383 2245 oportebat.
404 2208 495 2235 Unum
517 2215 555 2236 est
568 2207 641 2245 quod
660 2219 774 2237 moerore
791 2220 833 2237 me
853 2210 948 2247 afficit,

236 2262 331 2290 nempe
356 2252 495 2280 oculorum
513 2259 622 2280 tuorum
646 2253 809 2291 invaletudo,
834 2265 949 2292 quorum

235 2298 316 2325 velim
337 2308 470 2325 summam
488 2298 617 2325 rationem
637 2298 735 2327 habeas
747 2322 756 2333 ,
780 2300 950 2338 medicosque

235 2342 368 2379 consulas,
384 2349 462 2380 atque
476 2353 504 2370 ea
520 2353 580 2380 quae
602 2343 719 2371 muneris
734 2345 772 2372 tui
793 2352 854 2373 sunt
867 2345 948 2373 simul

235 2394 350 2426 pratstes.
368 2388 436 2415 Nam
452 2387 485 2416 de
498 2387 530 2415 iis
545 2387 750 2425 calamitatibus,
767 2400 825 2427 quoe
842 2391 889 2418 tibi
905 2391 946 2419 in-

235 2434 364 2470 seruntur,
377 2440 434 2461 tum
446 2440 482 2470 te,
497 2440 526 2461 ut
538 2433 612 2472 prius
621 2434 677 2472 jam
691 2433 761 2469 dixi,
774 2435 890 2473 gaudere
902 2447 947 2464 cu-
965 2443 982 2465 C

267 2527 276 2538 ¹
295 2519 397 2545 Coisliu-
409 2524 433 2545 τὸ
444 2524 563 2552 ἄτρεπτον.

1032 138 1172 161 ARCHIEP
1180 155 1186 161 .
1216 140 1277 162 CON
1283 140 1341 163 STA
1348 141 1469 164 N'rffiop
1476 158 1483 163 .

1217 240 1266 279 ρα’.
1281 243 1391 283 Σευήρῳ
1405 243 1586 283 πρεσῧυτέρῳ.

1056 330 1150 369 Ἡμεῖς
1166 331 1214 369 μὲν
1237 333 1322 362 καίτοι
1343 334 1439 373 χωρίον
1461 334 1622 374 ἐρημότατον
1643 336 1787 372 οἰκοῦντες,

1019 377 1063 404 καὶ
1081 378 1281 416 ἐπεστάλκαμεν
1297 380 1423 412 πολλάκις
1436 380 1500 419 πρὸς
1511 380 1557 416 τὴν
1573 381 1620 416 σὴν
1635 381 1788 419 ἐμμέλειαν,

1018 423 1062 451 καὶ
1077 422 1136 455 τοὺς
1150 424 1246 452 ἐκεῖθεν
1259 425 1461 463 ἀφικνουμένους
1475 428 1503 455 οὖ
1517 426 1654 464 παυόμεθα
1672 428 1788 466 συνεχῶς

1017 469 1164 506 ἐρωτῶντες
1185 469 1246 508 περὶ
1269 472 1315 504 τῆς
1331 470 1417 508 ὑγείας
1435 474 1482 506 τῆς
1505 473 1562 506 σ’ἧς.
1586 472 1669 504 Αὐτὸς
1690 472 1717 501 δὲ
1741 474 1787 501 οὐκ

1016 509 1087 549 οἶδα,
1100 515 1155 543 ἀνθ’
1172 514 1230 544 ὅτου
1249 515 1356 552 μανικὸς
1369 518 1445 554 ἡμῶν
1459 516 1538 550 οὕτως
1555 518 1666 557 ἐραστὴς
1678 518 1724 553 ὢν,
1742 518 1786 546 καὶ

1014 560 1114 595 πολλὴν
1140 561 1258 590 εὐκολίαν
1282 561 1349 601 ἔχων
1373 564 1424 590 τῶν
1449 564 1560 592 ἐνταῦθα
1580 563 1786 602 διακομιζόντων

1014 605 1047 634 τὰ
1061 606 1222 644 γράμματα,
1239 612 1313 646 σιγᾷς
1330 607 1398 636 οὕτω
1413 608 1515 646 μακρὰν
1527 609 1611 646 σιγήν.
1623 608 1693 637 Ἀλλ’
1708 611 1785 645 ἡμεῖς

1013 651 1043 679 τὸ
1062 651 1156 689 θερμόν
1176 663 1221 680 σου
1237 652 1280 680 καὶ
1296 652 1410 690 γνήσιον,
1422 652 1451 681 τὸ
1471 653 1606 691 εἰλικρινὲς
1627 654 1674 687 τῆς
1697 653 1785 682 διαθέ-

1014 708 1095 731 σεως,
1111 696 1124 724 ὃ
1145 697 1205 736 περὶ
1225 700 1295 735 ἡμᾶς
1313 697 1353 726 ἀεὶ
1368 697 1507 733 ἐπεδείξω,
1524 699 1682 733 ἐννοοῦντες,
1697 698 1742 726 καὶ
1758 700 1783 727 ἐν

1012 744 1044 779 τῇ
1057 744 1118 780 σιγῗι
1132 745 1163 780 τῇ
1180 747 1270 781 μακρᾷ
1281 742 1406 781 μεγίστην
1420 743 1591 782 καρπούμεθα
1603 744 1782 781 παράκλησιν.

1013 786 1088 821 Πλὴν
1107 787 1173 816 ἀλλὰ
1188 788 1332 826 βουλόμεθα
1343 788 1387 817 καὶ
1402 789 1567 828 γραμμάτιον
1583 791 1696 827 συνεχῶς
1714 791 1784 817 ἀπο-

1012 832 1100 861 λαύειν
1116 834 1167 861 τῶν
1191 835 1253 866 σῶν,
1274 833 1308 862 τὰ
1328 834 1388 872 περὶ
1408 836 1454 868 τῆς
1474 834 1572 871 ὑγιείας
1593 836 1640 867 τῆς
1656 836 1703 868 σῆς
1719 836 1784 871 ἡμῖν

1014 878 1241 916 ἀπαγγελλόντων,
1271 878 1315 907 καὶ
1348 878 1364 906 ἃ
1391 881 1453 917 παρ’
1481 879 1575 918 ἑτέρων
1608 879 1782 917 μανθάνομεν,

1013 926 1096 952 ταῦτα
1112 924 1184 962 παρὰ
1206 926 1254 958 τῆς
1277 924 1395 963 γλώττης
1408 927 1455 959 τῆς
1477 927 1541 959 σῆς,
1563 925 1607 953 καὶ
1630 927 1677 959 τῆς
1695 925 1782 965 χειρὸς

1013 969 1173 1007 ἐδουλόμεθα
1188 970 1335 1007 μανθάνειν.
1350 970 1426 998 Ποίει
1441 970 1471 1005 δὴ
1487 974 1562 999 τοῦτο
1581 973 1624 998 νῦν
1645 974 1705 1009 γοῦν
1715 993 1722 1006 ‚
1737 971 1777 999 δέ·

1013 1015 1098 1043 cnoro}
1113 1027 1162 1052 μου
1176 1014 1320 1052 τιμιώτατε
1334 1027 1339 1032 ·
1355 1011 1429 1044 οἶσθα
1443 1015 1494 1054 γὰρ
1512 1015 1592 1050 ἡλίκα
1612 1018 1675 1053 ἡμῖν
1690 1017 1782 1054 χαριῇ.

1011 1060 1058 1092 Ὡς
1085 1062 1161 1098 ἡμεῖς
1189 1060 1233 1088 καὶ
1261 1060 1417 1100 γράφοντες,
1444 1061 1488 1089 καὶ
1514 1060 1550 1099 μὴ
1572 1061 1726 1100 γράφοντες,
1751 1063 1779 1090 οὐ

1010 1105 1147 1143 παυόμεθα
1165 1106 1345 1144 μεμνημένοι,
1358 1106 1403 1134 καὶ
1424 1106 1471 1142 τὴν
1490 1107 1604 1144 ἀγάπην,
1620 1107 1650 1140 ἣν
1667 1106 1706 1134 ἀεὶ
1721 1107 1782 1144 περὶ

1010 1151 1058 1186 τὴν
1070 1151 1116 1186 σὴν
1131 1151 1318 1189 ἐπεδειξάμεθα
1330 1152 1479 1189 εὐλάὸειαν,
1493 1153 1687 1191 διατηροῦντες,
1701 1152 1780 1180 ὅπου·

1010 1208 1059 1237 περ
1075 1197 1104 1225 ἂν
1119 1191 1199 1234 ὦμεν.
1216 1196 1296 1235 Ἡμῖν
1319 1197 1370 1236 γὰρ
1389 1198 1474 1231 αὐτοῖς
1491 1198 1522 1226 τὰ
1538 1197 1649 1236 μέγιστα
1668 1198 1776 1237 χαριού·

1011 1246 1076 1280 μεθα
1090 1245 1166 1271 τοῦτο
1179 1245 1319 1275 ποιοῦντες.

1209 1433 1256 1473 p6'.
1272 1434 1394 1472 Θεοδότῳ
1409 1434 1572 1473 ἁναγνιίωτῃ.

1044 1526 1080 1555 Τί
1096 1526 1160 1565 φῄς,
1176 1526 1291 1554 Πλείονά
1304 1537 1344 1554 σοι
1362 1527 1413 1553 τῶν
1429 1525 1660 1564 προσδοκηθέντων
1675 1526 1708 1554 τὰ
1725 1526 1774 1554 κυ-

1005 1584 1077 1610 ματα
1089 1571 1219 1606 ἐναπέστη
1234 1573 1288 1606 νῦν,
1305 1571 1349 1599 καὶ
1369 1571 1412 1599 ’διὰ
1426 1573 1501 1599 τοῦτο
1521 1572 1620 1609 &Mem
1631 1571 1683 1599 Διὰ
1697 1575 1775 1599 τοῦτο

1004 1618 1051 1656 μὲν
1073 1613 1114 1645 οὖν
1138 1618 1201 1646 αὐτὸ
1223 1617 1327 1656 χαίρειν
1350 1616 1402 1655 χρὴ
1418 1618 1462 1645 καὶ
1478 1622 1595 1656 σκιρτᾷν.
1615 1616 1691 1646 Ἐπεὶ
1702 1618 1746 1646 καὶ
1761 1620 1776 1645 ὁ

1005 1663 1133 1701 μακάριος
1148 1664 1252 1695 Παῦλος
1274 1662 1357 1695 οὕτως
1377 1662 1473 1697 ἐποίει,
1489 1664 1532 1689 νῦν
1554 1663 1601 1700 μὲν
1620 1662 1702 1701 λέγων
1713 1674 1719 1679 ·
1732 1663 1772 1691 Οὐ

1005 1709 1081 1746 μόνον
1103 1708 1129 1736 δὲ
1139 1731 1146 1743 ,
1161 1709 1229 1737 ἀλλὰ
1244 1708 1289 1736 καὶ
1304 1707 1466 1746 καυχώμεθα
1480 1709 1506 1735 ἓν
1521 1711 1579 1739 ταῖς
1601 1707 1717 1746 θλίψεσι·
1731 1711 1773 1736 νῦν

1005 1754 1031 1782 δὲ
1042 1777 1048 1789 ,
1062 1754 1103 1783 ὅτι
1118 1753 1210 1792 Χαίρω
1232 1754 1258 1781 ἐν
1281 1757 1333 1784 τοῖς
1348 1752 1487 1789 παθήμασί
1501 1764 1561 1789 μου,
1575 1751 1653 1791 ”Οσῳ
1674 1752 1724 1791 γὰρ
1743 1754 1773 1780 ἂν

1006 1799 1100 1837 μείζων
1121 1798 1166 1827 καὶ
1188 1798 1347 1837 τραχύτερος
1362 1800 1375 1826 ὁ
1389 1797 1489 1836 χειμὼν
1514 1797 1638 1835 γένηται,
1659 1797 1774 1836 τοσούτῳ

1004 1844 1102 1872 πλείων
1125 1846 1141 1878 ἡ
1166 1843 1298 1882 ἐμπορία,
1321 1842 1499 1881 λαμπρότεροι
1525 1844 1571 1876 τῆς
1595 1844 1729 1879 ὑπομονῆς
1750 1845 1774 1871 οἱ

1005 1890 1142 1928 στέφανοι,
1157 1888 1242 1917 πολλὰ
1253 1887 1286 1916 τὰ
1298 1887 1421 1926 βραδεῖα.
1433 1887 1511 1916 Ἐπεὶ
1522 1887 1568 1915 καὶ
1580 1887 1655 1919 αὐτὸς
1666 1889 1711 1916 σοῧ
1725 1887 1772 1924 μὲν

1004 1934 1089 1964 ἕνεκεν
1111 1935 1212 1972 θαῤῥῶ·
1229 1929 1285 1962 οἶδα
1309 1933 1359 1971 γάρ
1377 1945 1422 1962 σου
1441 1933 1492 1961 ῧτὸ
1517 1932 1715 1971 ἀπερίτρεπτον,
1727 1933 1772 1961 καὶ

1004 1980 1120 2014 ἀκλινὲς,
1133 1980 1177 2008 καὶ
1197 1979 1302 2018 στεῤῥόν
1313 1990 1319 1995 ·
1333 1981 1384 2007 τῶν
1407 1978 1432 2006 δὲ
1453 1978 1672 2007 ἐπιὸουλευόντων
1686 1978 1772 2007 ἕνεκεν

1004 2027 1076 2064 ἀλγῶ
1098 2025 1142 2054 καὶ
1165 2025 1285 2063 δακρύω,
1299 2024 1340 2054 ὅτι
1355 2024 1397 2057 οὒς
1419 2023 1472 2062 χρὴ
1494 2026 1520 2052 ἐν
1543 2023 1614 2056 τάξει
1635 2019 1702 2052 εἶναι
1719 2026 1772 2053 τῶν

1003 2071 1208 2110 θεραπευόντων,
1231 2069 1264 2098 τὰ
1291 2071 1343 2098 τῶν
1369 2071 1468 2108 ἐχθρῶν
1493 2068 1692 2097 ἐπιδείκνυνται.
1719 2069 1771 2097 ‘'Ev

1004 2130 1036 2155 με
1049 2118 1127 2145 λυπεῖ
1141 2116 1228 2154 μόνον,
1237 2116 1267 2144 τὸ
1281 2117 1328 2150 τῆς
1341 2117 1392 2143 τῶν
1406 2116 1546 2153 ὀφθαλμῶν
1561 2125 1606 2142 σου
1622 2113 1769 2148 ἀσθενείας,

1002 2161 1037 2192 ὧν
1061 2163 1105 2192 καὶ
1129 2163 1227 2201 σφόδρα
1249 2161 1312 2194 ἀξιῶ
1328 2160 1407 2190 πολύν
1429 2172 1457 2189 σε
1475 2163 1605 2189 ποιεῖσθαι
1619 2159 1704 2198 λόγον,
1728 2161 1771 2188 ἶοι-

1000 2213 1070 2249 τροῖς
1094 2220 1122 2236 τε
1143 2207 1336 2245 διαλεγόμενον,
1352 2205 1396 2234 καὶ
1411 2205 1443 2233 τὰ
1460 2205 1533 2244 παρὰ
1555 2208 1650 2234 σαυτοῦ
1665 2216 1769 2233 συνεισ-

1001 2255 1120 2294 φέροντα.
1132 2253 1178 2285 Ὡς
1200 2255 1252 2280 τῶν
1274 2264 1303 2290 γε
1325 2251 1436 2290 θλίψειι)ν
1459 2253 1510 2279 τῶν
1538 2249 1707 2288 ἐπαγομένων
1729 2261 1770 2278 σοι

1001 2300 1083 2339 (ὅπερ
1099 2299 1144 2327 καὶ
1158 2298 1302 2337 ἔμπροσθεν
1317 2292 1388 2325 εἶπον
1399 2296 1421 2333 )‚
1439 2296 1515 2324 αὐτόν
1531 2307 1559 2323 τε
1572 2295 1673 2334 χαίρειν
1688 2295 1752 2329 ἀξιῶ
1762 2318 1769 2331 ,

1001 2346 1045 2373 καὶ
1061 2344 1111 2383 ἐγὼ
1134 2344 1161 2372 δέ
1180 2355 1220 2372 σοι
1237 2341 1393 2379 συνήδομαι.
1406 2336 1475 2369 Οἶδα
1497 2340 1547 2380 γὰρ
1561 2340 1619 2372 ὅσος
1633 2341 1662 2368 ἐκ
1677 2340 1768 2368 τούτου

999 2389 1118 2419 τίκτεταί
1132 2401 1172 2418 σοι
1186 2391 1232 2423 τῆς
1255 2388 1386 2424 ὑπομονῆς
1408 2388 1421 2414 ὃ
1441 2385 1662 2424 καρπός.,Μηο“ὲν
1676 2381 1719 2413 οὖν
1740 2398 1768 2414 σε

1000 2435 1154 2475 θορυὸείτιι),
1177 2434 1243 2471 μηδὲ
1265 2431 1417 2471 ταραττέτω
1440 2433 1491 2459 τῶν
1516 2430 1766 2470 παρεμπιπτόντων.
