1830 2829
715 179 756 200 1)Ιί
782 176 934 200 ELREMOS
940 176 979 198 ΥΝ
987 175 1003 196 Λ
1014 189 1021 196 .

102 239 147 268 καὶ
163 241 192 268 οὖ
207 239 353 277 δεησόμεθα
373 238 550 277 παραινέσεως
565 239 666 275 λοιπὸν,
681 239 737 268 οὐδὲ
754 239 867 277 confian-

102 286 164 319 λης·
180 287 208 314 οὐ
233 285 284 324 γὰρ
304 284 372 313 οὕτω
394 284 468 323 λόγος
491 284 535 312 καὶ
556 284 708 323 παραίνεσις
731 284 815 322 ἰσχύει
834 284 867 313 τὰ

103 334 211 360 τοιαῦτα
229 333 379 369 κατορθοῦν,
395 331 429 363 ὡς
444 331 566 365 συνήθεια
581 331 667 369 χρόνῳ
684 331 867 368 βείαιωθεῖσα.

102 376 148 405 Ἂν
163 380 238 405 τοῦτο
255 376 412 415 κυρώσωμεν
425 376 493 405 κατὰ
508 376 636 416 κυριακῆν
660 375 828 405 ἀποτίθεσθαί
842 388 868 404 τι

103 422 167 461 πρὸς
179 421 226 457 τὴν
241 424 293 450 τῶν
308 422 425 457 πενήτων
439 422 586 462 ἀντίληψιν,
603 423 655 451 οὐδ’
671 422 700 451 ἂν
717 423 807 461 μυρίαι
822 421 868 460 γε’-

104 479 188 496 νοιντο
202 468 328 506 ἀνάγκαι,
337 468 380 496 τὸν
392 468 470 506 νόμον
480 468 689 507 παραῧησόμεθα
709 472 807 498 τοῦτον.
826 468 869 496 Εἶ-

104 513 161 542 πὼν
174 513 215 548 δὲ,
231 513 307 542 Κατὰ
327 513 390 552 μίαν
412 514 562 550 castata-w,
583 514 725 554 ἐπήγαγεν,
738 513 871 545 Ἕκαστος

105 561 186 597 ὑμῶν.
201 559 270 598 Οὐχὶ
292 559 425 592 πλουσίοις
443 559 526 598 λέγω,
539 559 616 598 φησὶ,
633 560 719 597 μόνον,
740 558 808 588 ἀλλὰ
826 558 871 587 καὶ

105 603 213 639 πένησιν
222 615 228 621 ·
240 605 285 632 οὐκ
297 605 437 644 ἐλευθέροις
446 627 453 639 ,
464 604 530 633 ἀλλὰ
542 605 586 633 καὶ
600 604 697 637 δούλοις
705 617 711 623 ·
724 606 770 633 οὐκ
781 604 871 642 ἀνδρά-

106 661 156 685 σιν,
169 649 237 678 dn&
251 650 295 678 καὶ
307 650 406 687 γυναιξί
415 662 420 667 ·
431 651 522 688 μηδεὶς
533 650 599 679 ἔστω
610 650 705 686 ταύτης
721 650 814 684 ἀτελὴς
826 652 873 684 τῆς
892 659 910 682 C

106 695 281 735 λειτουργίας,
297 696 363 733 μηδὲ
378 696 486 734 ἄμοιρος
500 699 544 724 τοῦ
556 695 660 735 κέρδους
671 717 678 731 ,
692 696 749 724 ἀλλ’
765 695 874 727 ἕκαστος

109 741 260 780 εἷσφερέτω.
275 740 343 770 Οὐδὲ
358 740 408 780 γὰρ
432 743 448 776 ἠ
463 741 539 770 πενία
555 741 665 779 κώλυμα
675 741 768 778 γένοιτ’
784 740 813 769 ἂν
828 743 874 776 τῆς

107 786 229 822 τοιαύτης
247 788 376 826 εἰσφορᾶς.
389 787 445 816 Κᾶν
460 786 517 843 γὰρ
525 787 647 826 μυριάκις
670 799 700 826 ῃς
722 799 816 823 πενης,
828 789 875 816 οὐκ

108 835 131 860 εἰ
146 832 298 871 πενέστερος
308 834 355 866 τῆς
365 844 449 871 χηρας
463 832 580 867 ἐκείνης,
595 833 611 868 ἢ
623 832 670 868 τὴν
683 833 772 861 οὐσίαν
787 845 874 862 πασαν

110 878 229 907 ἐκένωσε.
240 878 295 906 Κᾶν
309 878 431 917 μυριάκις
442 880 474 916 ᾖς
485 890 534 906 πτιι
530 890 590 917 070:
599 900 606 914 ,
620 890 666 907 ουκ
677 881 718 907 εἰι
710 879 876 918 πτωγότερος

110 925 157 957 τ’ἧς
183 923 311 957 Σιδωνίας
338 923 471 962 γυναικὸς,
502 923 519 958 ἢ
551 923 634 963 δράκα
662 924 770 963 ἀλεύρου
800 924 876 962 μόνον

111 969 207 1008 ἔχουσα
219 991 225 1002 ,
254 968 311 997 οὐδὲ
338 969 418 1001 οὕτως
438 970 638 1009 ἐστενοχωρεῖτο
669 970 733 1009 πρὸς
759 969 804 1005 τὴν
833 973 877 999 τοῦ

111 1014 244 1053 προφήτου
256 1014 386 1047 δεξίωσιν·
400 1015 457 1043 ἀλλ’
473 1016 560 1054 ὁρῶσα
571 1015 614 1043 καὶ
624 1015 701 1054 χορὸν
715 1017 878 1054 περιεστῶτα

112 1060 223 1095 παίδων,
237 1060 282 1088 καὶ
295 1060 370 1097 λιμὸν
394 1059 567 1097 ἐπικείμενον,
582 1060 628 1088 καὶ
642 1059 712 1089 οὐδὲν
734 1061 879 1099 ἀποκείμε-

113 1117 156 1134 νον
168 1105 264 1145 ἕτερον,
277 1106 342 1143 μετὰ
355 1107 454 1140 πολλῆς
468 1108 515 1140 τῆς
528 1106 673 1146 προθυμίας
687 1107 731 1135 τὸν
744 1107 880 1146 προφήτην

115 1151 228 1189 ἐδέχετο.
245 1151 322 1185 Τίνος
343 1151 369 1180 δὲ
385 1151 471 1179 ἕνεκεν
496 1147 577 1187 εἶπεν,
592 1151 631 1180 ὅτι
652 1151 723 1191 Παρ’
738 1154 823 1192 ἑαυτῷ
838 1165 878 1180 τι-

114 1197 180 1226 θέτω
203 1197 378 1236 οησαυρίζων;
391 1196 501 1232 Ἐπειδὴ
524 1200 538 1225 ὁ
561 1198 640 1230 τιθεὶς
665 1198 726 1230 ἴσως
753 1198 882 1238 ffers-uvam

115 1242 161 1270 καὶ
174 1243 285 1283 ἠρυθρία
300 1243 386 1281 ὀλίγον
403 1242 430 1271 ὂν
445 1243 579 1276 ἐπιδεῖξαι.
593 1243 645 1272 Διὰ
661 1243 736 1273 τοῦτό
757 1256 835 1283 φησι,
850 1243 881 1274 σὺ

115 1287 190 1326 τήρει
207 1288 252 1316 καὶ
266 1288 378 1327 φύλαττε
387 1309 394 1321 ,
407 1288 451 1317 καὶ
462 1288 524 1317 ὅταν
539 1292 596 1321 ταῖς
614 1289 682 1318 κατὰ
701 1289 778 1328 μέρος
791 1291 881 1329 εἷο-φο-

117 1337 173 1372 ραῖς
184 1332 214 1361 τὸ
228 1332 313 1371 ὀλίγον
325 1333 391 1362 πολὺ
400 1333 524 1370 γένηται,
538 1333 598 1362 τότε
613 1334 660 1372 ἄγε
681 1336 716 1367 εἷς
727 1335 815 1372 μέσον.
831 1335 883 1364 Καὶ

116 1379 163 1407 οὐκ
178 1373 250 1414 εἶπε,
266 1378 407 1416 συλλέγων,
430 1378 510 1414 ἀλλὰ,
529 1379 714 1418 Θησαυρίζων,
731 1379 774 1409 ἵνα
799 1381 884 1419 μάθῃς

117 1423 157 1452 ὅτι
171 1425 187 1458 ἡ
200 1423 303 1458 δαπάνη
320 1423 384 1459 αὕτη
406 1424 533 1463 θησαυρός
548 1426 628 1461 ἐστιν,
648 1425 689 1454 ὅτι
706 1426 736 1454 τὸ
758 1427 885 1464 ἀνάλωμα

118 1471 193 1497 τοῦτο
213 1469 339 1507 πρόσοδος
358 1469 475 1507 γίνεται·
489 1469 617 1508 θησαυρὸς
636 1473 767 1510 θησαυροῦ
789 1473 886 1504 παντὸς

121 1513 239 1552 βελτίων.
256 1510 340 1546 Οὗτος
362 1514 408 1552 μὲν
423 1514 473 1554 γὰρ
489 1517 502 1543 ὁ
519 1516 641 1550 αἰσθητὸς
661 1517 705 1545 καὶ
720 1517 888 1547 {memlebe-

120 1571 164 1588 ται
176 1560 220 1588 καὶ
235 1563 352 1597 μειοῦται
361 1583 368 1596 ,
385 1560 430 1588 καὶ
440 1559 499 1593 τοὺς
511 1560 632 1599 εὑρόντας
643 1562 770 1596 πολλάκις
781 1564 886 1592 ἀπώλε-

120 1617 179 1634 σεν·
194 1608 207 1634 ὃ
221 1605 248 1634 δὲ
259 1607 286 1634 ἐν
305 1610 357 1638 τοῖς
372 1607 500 1645 οὐρανοῖς,
511 1607 659 1636 τούναντίον
679 1607 764 1636 ἅπαν·
781 1609 886 1638 ἀνάλω-

120 1664 164 1684 τος
177 1651 247 1690 με’νει
260 1651 305 1680 καὶ
322 1651 534 1685 ἀνεπιῆούλευτος
543 1675 551 1688 ,
564 1653 682 1692 σωτηρία
692 1659 745 1687 τοῖς
759 1656 888 1694 κεκτημέ-

122 1709 174 1731 νοις
190 1697 235 1725 καὶ
255 1701 310 1729 τοῖς
332 1697 587 1735 μεταλαμὸάνουσιν.
604 1700 644 1726 Οὖ
667 1699 718 1739 γὰρ
741 1701 889 1730 δαπανᾶται

121 1742 221 1782 χρόνῳ,
235 1744 285 1782 οὐχ
306 1742 442 1771 ἁλίσκεται
464 1742 562 1782 φθόνῳ,
579 1745 637 1772 ἀλλ’
654 1744 723 1774 ἔστιν
746 1746 889 1786 ἀχείρωτος

122 1788 219 1820 πάσαις
233 1793 290 1820 ταῖς
304 1788 437 1821 τοιαύταις
451 1789 614 1826 ἐπιὸουλαῖς,
630 1790 674 1819 καὶ
694 1791 774 1831 μυρία
787 1793 889 1831 κομίζει

123 1838 176 1866 τοῖς
185 1833 305 1873 λέγουσιν
319 1833 397 1862 αὐτὸν
409 1834 503 1872 ἀγαθά.

164 2060 322 2098 Πειθώμεθα
340 2061 436 2098 τοίνυν,
452 2062 497 2090 καὶ
516 2065 633 2100 ποιῶμεν
656 2064 724 2093 οὕτω
741 2066 785 2093 καὶ
800 2069 889 2104 ἡμεῖς·

125 2108 171 2137 καὶ
185 2107 251 2136 ἔστω
265 2107 310 2136 καὶ
324 2107 382 2145 ἱερὰ
402 2107 529 2146 χρήματα
550 2109 617 2145 μετὰ
637 2112 688 2138 τῶν
712 2111 848 2140 ἰδιωτικῶν
864 2114 890 2141 ἐν

125 2157 182 2186 ταῖς
193 2153 286 2185 οἰκίαις
308 2152 469 2190 ἀποκείμενα
490 2158 546 2185 ταῖς
567 2154 721 2193 ἡμετέραις,
736 2156 778 2184 ἵνα
792 2157 837 2185 καὶ
858 2158 891 2186 τὰ

126 2198 246 2227 ἰδιωτικὰ
271 2198 313 2227 διὰ
337 2197 434 2226 τούτων
460 2198 632 2237 φυλάττηται.
657 2201 783 2240 Καθάπερ
799 2202 850 2257 γὰρ
865 2205 892 2232 ἐν

125 2244 253 2282 ταμιείοις
275 2243 446 2298 βασιλικοῖς
434 2255 464 2272 αν
486 2245 554 2282 φανῇ
577 2257 645 2277 τινος
665 2258 716 2274 ‘tow
741 2247 893 2286 ἀρχομξνίῠν

126 2289 288 2328 ἀποκείμενα
316 2289 460 2328 χρίματα,
483 2290 591 2318 κάκεῖνα
623 2290 664 2319 διὰ
688 2295 771 2320 ταυτα
795 2293 910 2338 πολλῆς

127 2334 253 2364 ἀπολαυει
264 2337 311 2369 τῆς
329 2335 485 2373 ἀσφαλείας·
502 2334 568 2363 ουτω
588 2335 618 2370 δὴ
634 2348 678 2364 και
692 2346 717 2365 εν
731 2349 763 2375 τῃ
779 2338 848 2366 οἰκία
861 2341 892 2377 τῇ
909 2349 928 2371 Α

127 2383 161 2419 σῇ
178 2380 207 2409 ἂν
221 2382 306 2418 ἀποθῇ
321 2379 449 2419 χρήματα
470 2381 589 2416 πενήτων
608 2394 653 2410 και
675 2383 743 2411 κατὰ
765 2384 892 2424 κυριακὴν

127 2425 268 2465 συλλέγῃς,
283 2428 366 2453 ταῦτα
387 2425 491 2454 ἐκείνων
512 2425 585 2454 ἔσται
602 2428 740 2466 ἀσφάλεια.
758 2429 837 2458 Οὕτω
849 2429 894 2458 καὶ

128 2470 261 2508 οἰκονόμος
272 2470 369 2509 γενήσῃ
392 2473 443 2499 τῶν
462 2474 557 2499 σαυτοῦ
582 2472 729 2510 χρημάτων
748 2474 798 2503 ὑπὸ
814 2475 892 2504 Παύ-

129 2515 175 2542 λου
187 2516 430 2553 χειροτονηθείς.Τί
442 2516 527 2555 λέγω;
542 2517 593 2545 Καὶ
611 2517 645 2546 τὰ
663 2518 714 2553 ἤδη
736 2521 894 2559 συλλεγέντα

130 2559 194 2598 πρὸς
207 2559 236 2588 τὸ
247 2560 354 2590 πλείονα
366 2561 488 2594 συλλέξαι
499 2562 578 2590 πάλιν
598 2562 719 2596 ὑπόθεσίς
732 2576 772 2593 σοι
785 2565 893 2603 γενήσε-

900 1161 918 1183 t)

906 1614 925 1636 E

900 2321 934 2341 254

1566 163 1632 196 303

924 247 1008 274 neque
1015 234 1195 264 admonitione
1202 234 1327 274 deinceps
1337 235 1380 264 vel
1393 235 1502 263 consilio
1509 245 1575 274 opus
1586 235 1636 264 erit

924 282 1014 310 nobis:
1031 281 1162 309 nonenim
1179 288 1282 309 tantum
1299 281 1369 309 valet
1382 291 1467 309 serino
1483 281 1636 309 etudinoni-

924 327 976 364 tio,
1001 333 1129 365 quantum
1161 326 1305 355 inveterata
1331 325 1501 355 consuetudo.
1529 327 1558 354 si
1588 327 1637 354 hoc

924 379 1071 401 statuamus
1085 394 1092 409 ,
1116 379 1145 400 nt
1170 372 1284 410 singulis
1306 371 1455 400 Dominicis
1481 371 1582 409 aliquid
1611 371 1637 399 in

925 417 1075 446 subsidium
1090 428 1239 457 pauperum
1254 418 1434 457 deponamus,
1450 429 1481 446 ne
1493 417 1602 455 quidem
1617 417 1639 445 si

925 473 1054 495 sexcenta}
1070 473 1180 505 urgeant
1192 466 1367 504 necessitates,
1377 467 1445 495 hanc
1458 467 1542 504 legem
1555 473 1639 495 trans-

927 512 1087 551 grediemur.
1106 512 1250 550 Postquam
1274 523 1338 541 vero
1362 512 1442 548 dixit,
1468 514 1527 540 Per
1551 522 1641 540 unam

928 559 1054 592 sabbati,
1069 557 1202 594 subdidit,
1217 559 1422 597 Unusquisque
1436 558 1641 586 vesti-1nn.Non

927 603 1025 632 divites
1038 609 1140 631 tantum
1156 602 1294 641 alloquor,
1312 603 1415 641 inquit,
1427 603 1471 631 scd
1484 603 1562 631 etiam
1577 614 1642 642 pun·
1673 600 1793 627 “lffmffl!

930 659 1021 688 petes,
1032 659 1083 677 non
1094 648 1190 677 liberos
1202 656 1315 680 tantum
1325 649 1371 678 sed
1384 650 1463 678 etiam
1474 660 1582 685 5οιιο5ς
1592 660 1642 677 non
1653 638 1710 682 ¹:2¹1}
1714 638 1795 683 ,ηάιῖἱί

932 694 1005 723 vi1os
1017 694 1109 731 1n0d0,
1121 694 1167 723 sed
1182 701 1208 723 et
1224 695 1366 723 mulieres:
1386 695 1477 723 nullus
1494 695 1529 723 sit
1547 672 1582 723 ali
1595 695 1645 723 hoc
1654 698 1748 722 ⁰1¹0¹¹⁸¹

931 740 1078 769 ministerio
1101 716 1245 777 immunis,
1262 751 1346 779 neque
1363 740 1414 769 boc
1432 741 1507 769 lucro
1531 751 1644 778 vacuus,

932 786 977 814 sed
995 786 1178 824 unusquisque
1198 787 1291 814 offerat
1306 798 1312 813 :
1330 797 1415 824 neque
1434 786 1569 815 collationi
1584 785 1648 814 huic

932 832 1018 860 obstet
1031 832 1128 870 inopia.
1138 833 1392 870 Quantumcumque
1405 832 1476 861 enim
1491 843 1593 872 pauper
1601 832 1646 867 sis,

933 888 984 906 non
1002 888 1029 906 es
1044 878 1187 917 pauperior
1200 878 1285 907 vidua
1305 878 1361 914 illa,
1378 889 1437 916 quae
1460 888 1565 907 omnem
1586 878 1650 906 sub·
1663 886 1716 907 Luc.
1730 890 1769 906 π.

932 923 1057 951 stantiam
1080 933 1154 951 suam
1167 923 1302 951 exhausit.
1316 924 1567 961 Quantumcumque
1586 935 1652 962 pau-
1661 914 1742 944 ²¹—4·

933 979 981 1008 per
995 969 1041 1004 sis,
1055 979 1106 996 non
1129 980 1155 997 es
1173 968 1315 1008 pauperior
1335 968 1446 997 muliere
1461 969 1582 1005 Sidonia,
1592 980 1650 1007 quae
1663 984 1685 1005 3.
1697 983 1756 1009 neg·
1767 989 1801 1011 ¹7·

934 1014 996 1042 licet
1016 1014 1150 1053 pugillum
1176 1014 1267 1042 sarinoe
1294 1020 1398 1042 tantum
1420 1014 1540 1050 haberet,
1557 1025 1589 1043 ne
1614 1015 1651 1043 sic
1665 1021 1700 1037 ¹⁰·
1713 1023 1761 1043 sqq-

936 1060 1045 1098 quidem
1066 1061 1100 1088 ab
1123 1060 1281 1099 excipiendo
1310 1060 1440 1098 propheta
1465 1060 1581 1088 cohibita
1597 1067 1652 1097 est;

936 1105 983 1134 sed
1004 1106 1066 1133 licet
1087 1106 1287 1133 circumstantes
1309 1105 1408 1133 liberos
1423 1105 1538 1143 videret,
1554 1116 1654 1144 urgen-

937 1158 1042 1189 temque
1060 1151 1168 1188 samem,
1186 1161 1271 1188 neque
1284 1150 1361 1178 aliud
1376 1151 1524 1189 quidquam
1546 1151 1656 1179 liaberet
1670 1175 1673 1177 .

937 1196 1088 1235 depositum
1101 1219 1109 1233 ,
1125 1206 1221 1235 magna
1246 1206 1307 1224 cum
1331 1196 1469 1224 alacritate
1496 1197 1654 1235 prophetam

937 1243 1051 1281 excepit.
1064 1244 1127 1278 Qua
1142 1253 1205 1271 xero
1220 1241 1254 1270 de
1267 1252 1346 1270 causa
1359 1241 1441 1278 dixit,
1457 1242 1549 1281 Apud
1561 1253 1591 1270 se
1609 1253 1654 1271 se-
1669 1271 1688 1285 ι.
1703 1261 1756 1283 cor.
1771 1259 1806 1282 ¹5⁷

935 1295 1026 1327 ponat
1042 1289 1263 1316 thesaurizans?
1279 1287 1350 1322 Quia
1367 1287 1475 1316 sortasse
1489 1298 1551 1316 cum
1567 1288 1656 1317 modi·
1665 1303 1688 1318 2.

938 1344 1000 1362 cum
1013 1339 1089 1369 esset,
1099 1333 1126 1360 id
1136 1332 1272 1361 ostendere
1280 1332 1423 1361 verebatur
1436 1339 1462 1361 et
1472 1333 1654 1363 erubescebat.

940 1380 1112 1417 Quapropter
1125 1377 1206 1413 dixit,
1224 1379 1266 1406 Tu
1282 1388 1356 1405 serva
1371 1384 1396 1405 et
1417 1378 1532 1414 custodi,
1551 1386 1576 1406 et
1596 1390 1658 1408 cuin

941 1424 1106 1453 oblationum
1122 1423 1270 1461 frequentia
1285 1423 1359 1461 quod
1372 1434 1484 1462 parvum
1501 1431 1571 1460 erat,
1587 1425 1658 1452 mul-

942 1478 999 1499 tum
1011 1470 1135 1498 effectum
1150 1469 1240 1501 suerit,
1256 1476 1319 1497 tunc
1331 1469 1356 1497 in
1373 1468 1491 1497 medium
1505 1469 1657 1508 producito.

943 1517 1036 1555 Neque
1053 1515 1137 1552 dixit,
1153 1515 1304 1553 Colligens,
1321 1514 1367 1543 sed
1386 1516 1616 1549 lecsaurt':ans;
1631 1522 1661 1544 ut

943 1563 1049 1600 discas,
1068 1571 1213 1600 expensam
1235 1560 1308 1589 illam
1332 1571 1388 1589 esse
1410 1560 1580 1598 thesaurum,
1596 1561 1660 1599 qnia

944 1615 1048 1638 sumtus
1072 1608 1118 1636 ille
1138 1607 1278 1635 thesaurus
1295 1606 1426 1637 efficitur:
1445 1606 1594 1641 thesaurus,
1617 1607 1659 1635 in-

944 1665 1038 1694 quam,
1054 1653 1126 1682 omni
1140 1653 1264 1680 thesauro
1276 1652 1377 1680 melior.
1391 1653 1460 1680 Nam
1476 1652 1530 1687 hic,
1547 1652 1593 1690 qni
1610 1652 1661 1680 sub

945 1711 1051 1730 sensum
1062 1698 1142 1734 cadit,
1155 1698 1296 1726 thesaurus
1306 1697 1411 1725 insidiis
1423 1697 1562 1737 impetitur
1573 1705 1598 1726 et
1612 1697 1662 1726 im-

946 1746 1090 1782 minuitur,
1104 1754 1226 1784 saepeque
1239 1754 1283 1772 cos
1293 1767 1299 1779 ,
1315 1743 1361 1782 qui
1382 1743 1471 1782 ipsum
1494 1743 1660 1779 invenerant,

946 1792 1066 1833 perdidit
1081 1802 1087 1818 ι
1100 1791 1240 1819 thesaurus
1254 1800 1317 1818 vero
1332 1789 1443 1817 caelestis
1457 1800 1532 1818 secus
1543 1801 1551 1825 ;
1567 1789 1661 1817 immi—

947 1839 994 1868 nui
1008 1847 1122 1875 namque
1137 1843 1163 1864 et
1177 1835 1282 1864 insidiis
1298 1835 1391 1874 impeti
1406 1834 1506 1872 nequit,
1517 1835 1589 1863 salus
1604 1845 1663 1874 pos-

946 1883 1095 1913 sidentibus
1109 1889 1134 1911 et
1145 1880 1347 1920 accipientibus.
1359 1881 1418 1908 Non
1433 1887 1551 1918 tempore
1568 1890 1661 1909 consu-

948 1930 1040 1965 mitur,
1059 1938 1113 1956 non
1137 1927 1207 1966 perit
1227 1925 1344 1961 invidia,
1357 1924 1404 1953 sed
1426 1925 1528 1952 talibus
1553 1935 1662 1963 prorsus

948 1974 1054 2003 insidiis
1065 1973 1222 2008 inaccessus,
1231 1976 1353 1998 sexcenta
1364 1969 1553 2007 colligentibus
1561 1970 1661 1998 confert

952 2021 1030 2048 bona.

986 2066 1014 2093 4.
1028 2064 1250 2101 obtemperemus
1265 2060 1358 2099 igitur,
1374 2059 1449 2088 etsie
1460 2070 1508 2088 nos
1518 2060 1569 2099 ipsi
1580 2061 1661 2089 sacia-

947 2121 1023 2138 mus:
1039 2109 1144 2145 sintque
1158 2117 1237 2135 sacrae
1251 2105 1369 2145 pecuniae
1383 2105 1410 2132 in
1426 2104 1553 2134 domibus
1564 2107 1662 2135 nostris

947 2167 1008 2184 cum
1021 2154 1134 2194 privatis
1147 2152 1244 2191 opibus
1254 2150 1383 2190 repositae,
1396 2157 1427 2178 ut
1439 2161 1486 2189 per
1494 2161 1537 2179 eas
1549 2152 1661 2190 privata?

947 2202 999 2230 illae
1011 2195 1448 2232 conserventurQuemadmodum
1457 2197 1526 2224 enim
1537 2196 1564 2224 in
1579 2197 1660 2235 regiis

946 2246 1055 2282 aerariis,
1074 2245 1096 2273 si
1109 2243 1210 2273 subditi
1230 2241 1368 2281 cujusdam
1385 2241 1504 2280 pecuniae
1526 2242 1657 2278 intersint,

946 2293 1056 2332 piivatae
1069 2290 1202 2329 regiarum
1215 2298 1294 2316 causa
1309 2286 1335 2314 in
1348 2293 1406 2315 tuto
1419 2286 1583 2315 collocantur
1597 2300 1603 2314 :
1622 2289 1660 2316 sic

945 2346 970 2367 et
986 2338 1007 2367 si
1022 2336 1095 2366 domi
1107 2334 1234 2374 repositas
1248 2332 1346 2361 habeas
1359 2342 1508 2371 pauperum
1521 2333 1658 2371 pecunias,

944 2395 1011 2423 quas
1025 2384 1068 2412 die
1081 2381 1216 2411 dominico
1227 2379 1346 2417 colligas,
1359 2378 1412 2406 illae
1423 2378 1477 2407 tuis
1490 2379 1658 2408 securitatem

945 2430 1056 2470 parient
1067 2429 1107 2457 Ita
1116 2427 1284 2466 dispensator
1297 2424 1348 2452 etis
1362 2423 1536 2462 pecuniarum
1550 2431 1658 2452 tuarum

945 2487 960 2504 a
983 2474 1067 2504 Paulo
1087 2472 1257 2502 constitutus.
1271 2469 1347 2505 Quid
1366 2468 1449 2497 dico?
1468 2469 1513 2497 Eae
1532 2470 1659 2507 quaejam

946 2521 1061 2550 collectae
1075 2518 1109 2547 ad
1127 2518 1217 2557 plures
1238 2514 1401 2553 colligendas
1428 2514 1592 2542 occasionem
1609 2514 1659 2542 tibi

947 2576 1090 2604 ausamque
1110 2562 1275 2604 praebebunt.
1291 2560 1319 2590 Si
1340 2559 1410 2589 enim
1427 2559 1503 2588 bonae
1518 2559 1580 2588 huic
1593 2570 1658 2589 con-

1709 568 1791 587 Oinnn
