1843 2810
90 1113 176 1133 Cucuso
193 1121 232 1135 an-

90 1152 119 1164 nu
129 1143 182 1173 [μή.

241 115 310 154 872
581 127 606 149 s.
630 127 768 150 JOANNIS
795 127 971 150 cunx'sosr.

242 189 268 216 in
282 187 445 217 Phoeniciam
456 188 681 228 proficisceretur,
693 189 822 228 persuasi.
836 191 877 217 Au
889 189 911 217 is
923 188 956 217 ad

241 241 267 263 te
280 234 394 272 venerit,
410 234 451 263 fac
465 234 557 263 sciam.
573 236 615 263 De
633 235 780 273 Salamine,
791 234 863 273 quod
880 234 957 273 oppi-

241 279 308 308 dum
323 287 361 308 est
374 280 402 308 in
421 281 512 319 Cypro
527 281 620 318 situm,
636 287 662 309 et
681 281 716 309 ab
730 281 825 309 baeresi
842 280 957 309 Marcio-

241 326 370 354 nistarum
385 326 557 365 opprimitur,
574 333 682 354 acturus
697 336 757 354 cum
771 326 868 364 quibus
879 336 958 365 opor-

240 372 302 409 tuit,
318 378 343 400 et
357 382 414 400 rem
434 382 539 400 omnem
560 372 673 400 feliciter
687 371 855 400 confecturus
876 382 957 407 eram,

240 418 294 446 nisi
312 419 411 457 ejectus
428 418 544 446 fuissem.
562 417 642 452 Quod
659 417 681 446 si
704 417 844 446 dominum
869 428 958 446 meum

241 464 387 503 Cyriacum
396 464 549 502 episcopum
559 463 788 502 Constantinopoli
797 474 852 493 csse
862 474 960 502 cogno-

240 509 323 545 veris,
339 509 425 537 scribe
439 508 474 536 ad
494 519 555 537 eum
570 509 620 537 hac
636 509 669 537 de
683 519 771 545 causa,
787 515 812 537 et
831 509 959 548 perficere

240 555 264 583 is
282 554 370 582 omnia
386 553 492 592 poterit.
510 554 657 583 cohortare
677 565 778 590 omne5‚
800 561 825 583 et
847 555 958 594 potissi-
974 566 994 589 D

241 611 315 628 mum
330 610 373 628 cos
388 600 434 637 qui
455 599 585 628 fiduciam
602 600 676 640 apud
690 601 779 629 Deum
798 600 908 635 habent,
930 607 960 629 ut

241 647 358 674 multum
370 652 395 673 et
409 645 516 674 assidue
526 652 609 681 orent,
621 653 650 674 ut
662 656 776 685 przesens
789 646 862 674 orbis
873 653 959 676 terra-

242 702 301 720 rum
318 691 489 730 naufragium
503 691 683 729 conquiescat.
694 692 874 720 Intolerabilia
889 693 960 721 enim

242 737 342 773 Asiam,
366 737 485 775 aliasque
505 737 585 765 urbes
609 744 634 765 et
659 737 792 766 Ecclesias
807 738 959 766 invaserunt

242 782 324 819 mala,
340 793 400 820 quae
423 782 574 820 sigillatim,
591 792 624 810 ne
639 782 765 811 molestus
786 793 842 811 esse
853 783 958 818 videar,

241 839 397 856 enumerare
412 828 567 867 supersedeo
585 839 591 854 :
607 835 688 866 atque
702 838 786 856 unum
801 828 870 856 illud
889 828 959 865 dieo,

241 874 327 902 multa
342 884 412 902 nunc
423 880 448 902 et
464 873 572 902 assidua
585 884 652 913 opus
664 884 720 903 esse
735 873 897 914 precatione.

244 974 395 1002 CCXXII.
419 975 504 1003 Casto
530 974 658 1009 Valerio,
686 975 866 1013 Diophanto‚
899 975 960 1012 Cy-

342 1021 435 1056 riaco,
449 1020 629 1058 presbyteris
643 1019 674 1047 A
678 1021 851 1049 ntiochenis.

282 1111 317 1139 Et
331 1110 404 1150 quod
425 1110 459 1140 ad
483 1122 530 1140 nos
550 1111 717 1152 scripseritis,
733 1119 758 1142 et
782 1113 855 1152 quod
876 1113 960 1142 literis

242 1168 290 1185 nos
306 1157 433 1185 lacessere
447 1158 598 1196 volueritis,
617 1169 647 1187 ac
669 1159 761 1188 literas
781 1170 795 1188 a
815 1160 890 1188 nobis
910 1171 959 1199 pe-

243 1210 306 1239 tere,
330 1203 492 1242 modumque
512 1204 630 1243 epistolae
660 1204 788 1233 excedere
817 1205 960 1244 jusseritis,

241 1248 270 1277 id
293 1256 450 1288 argumento
474 1249 524 1277 suit
544 1260 592 1278 vos
621 1250 791 1279 insaturabili
814 1258 840 1279 et
866 1251 960 1280 insano

240 1304 302 1333 erga
319 1305 366 1323 nos
387 1305 478 1323 amore
502 1295 624 1333 flagrare.
644 1297 730 1335 Atque
749 1296 800 1325 hoc
819 1297 913 1331 efficit,
931 1304 959 1326 ut

240 1351 269 1368 ea
285 1340 414 1378 solitudo,
431 1352 512 1379 quam
534 1341 685 1377 incolimus,
710 1342 826 1371 solitudo
849 1343 959 1372 minime

242 1386 367 1414 videatur
382 1399 387 1414 z
405 1387 455 1415 hoc
478 1387 598 1415 diversas
615 1394 639 1415 et
662 1388 801 1417 continuas
816 1389 956 1417 calamita-

242 1438 280 1460 tes
297 1432 411 1469 mitigat,
426 1432 499 1468 Quid
509 1433 579 1461 enim
592 1443 652 1461 cum
665 1433 775 1462 caritate
782 1434 895 1462 conferri
912 1445 958 1473 po-

241 1479 310 1506 test?
322 1478 396 1507 Nihil
407 1479 492 1517 plane.
503 1479 565 1507 llaec
580 1486 605 1507 et
616 1479 704 1515 radix,
719 1486 743 1508 et
756 1487 849 1517 mater,
866 1487 891 1508 et
902 1481 960 1509 sons

241 1529 279 1550 est
304 1522 446 1555 bonorum,
463 1522 550 1550 virtus
575 1522 684 1550 minime
710 1522 851 1557 laboriosa,
873 1523 960 1551 virtus

240 1568 379 1606 voluptate
395 1568 499 1603 referta,
511 1578 623 1605 quaeque
634 1568 746 1596 multam
761 1568 804 1601 iis,
820 1569 864 1606 qui
875 1569 959 1608 ipsam

240 1620 374 1649 exercent,
393 1613 556 1651 voluptatem
575 1613 655 1651 parit,
674 1615 748 1649 Quas
760 1613 795 1641 ob
806 1624 846 1642 rcs
861 1615 959 1653 gratias

969 1650 1004 1667 7'’³

239 1659 316 1687 vohis
326 1659 444 1697 ingentes
459 1658 575 1695 agimus,
590 1658 662 1696 quod
676 1658 742 1687 adeo
755 1659 886 1688 sinceram
897 1670 958 1698 erga
979 1663 999 1699 Ᾰ

240 1714 287 1731 uos
314 1702 527 1731 benevolentiam
554 1703 776 1731 conservaveritis
794 1715 799 1730 :
821 1714 868 1731 nos
895 1715 959 1732 vero

239 1749 404 1786 ubicumque
413 1748 532 1786 gentium
546 1748 685 1782 fuerimus,
696 1749 756 1777 licet
764 1748 797 1777 ad
808 1750 878 1788 ipsos
888 1750 960 1778 orbis

239 1802 371 1823 terrarum
387 1795 451 1822 fines
471 1793 633 1829 deseramur,
659 1794 719 1822 licet
733 1794 767 1822 ad
793 1795 882 1823 locum
910 1795 961 1824 hoc

240 1840 325 1868 inulto
351 1839 534 1874 desertiorem,
557 1849 606 1867 vos
635 1847 722 1868 mente
747 1839 961 1869 circumferentes

240 1885 386 1921 abibimus,
397 1885 544 1924 insculptos
557 1895 604 1913 vos
613 1884 702 1913 animo
711 1891 736 1913 et
749 1885 845 1913 incisos
856 1892 963 1925 pectore

242 1939 333 1960 nostro
356 1937 496 1969 gestantes,
524 1941 609 1969 neque
638 1930 741 1959 itineris
768 1931 960 1970 longinquitas,

243 1987 328 2015 neque
343 1976 470 2015 temporis
492 1975 667 2011 diuturnitas,
684 1987 774 2014 neque
788 1977 868 2005 turba
887 1978 961 2006 cala·-

241 2021 366 2050 mitatum
379 2021 582 2059 negligentiores
594 2031 655 2059 erga
671 2022 831 2050 suavitatem
847 2029 963 2051 vestram

241 2077 287 2096 nos
304 2067 434 2105 reddidit,
458 2067 504 2095 sed
519 2067 593 2105 quasi
617 2077 668 2095 non
692 2067 728 2095 ita
743 2067 848 2106 pridem
870 2069 964 2097 vohis-

241 2123 303 2141 cum
314 2113 410 2143 versati
423 2113 552 2141 fuerimus
564 2135 572 2149 ,
590 2112 644 2141 imo
658 2124 722 2142 vero
736 2114 811 2152 quasi
823 2114 963 2143 vobiscum

241 2165 369 2197 perpetuo
383 2169 529 2193 versemur,
545 2165 573 2186 ut
585 2169 613 2186 re
626 2169 688 2187 vera
698 2169 847 2197 versamur,
859 2160 895 2188 ita
914 2172 963 2189 vos

241 2203 386 2239 cernimus,
399 2210 424 2231 ct
433 2203 549 2232 caritatis
560 2204 646 2232 oculis
654 2204 875 2243 contemplamur.
884 2205 960 2244 Ejus-

244 2248 318 2277 modi
331 2248 402 2277 enim
413 2255 451 2276 est
467 2249 603 2277 amicitia:
617 2259 668 2277 non
682 2249 808 2278 itinerum
822 2251 962 2280 intervallo
983 2264 1000 2286 B

242 2294 389 2331 dirimitur,
404 2305 455 2322 non
471 2294 550 2332 longo
567 2294 672 2323 dierum
690 2296 775 2335 spatio
790 2296 959 2333 debilitatur,

243 2357 294 2375 non
308 2346 486 2374 afflictionum
503 2345 581 2373 turba
601 2353 751 2384 superatur,
775 2347 821 2376 scd
835 2349 860 2376 in
879 2349 963 2378 altum

243 2405 369 2438 perpetuo
378 2397 491 2434 tollitur,
503 2403 527 2425 et
536 2396 648 2425 ssammae
657 2407 764 2426 cursum
775 2399 906 2429 imitatur.
917 2403 962 2429 At-

277 2488 287 2497 ³
308 2478 408 2504 Fabric.
421 2483 451 2505 τὰ
462 2483 559 2512 πέρατα.

278 2521 290 2538 b
308 2519 377 2543 Unus
395 2517 458 2543 Cod.
473 2520 526 2543 ὁδῶν
546 2520 694 2549 ὖιιστήματι,
710 2517 771 2542 alter
784 2521 838 2544 ὸῦῶυ
858 2522 1002 2551 διαστήματι.

998 128 1014 149 Λ
1021 128 1138 151 RCHtEP
1145 143 1152 151 .
1181 130 1306 152 CONSTA
1313 131 1434 153 NTINOI’
1442 146 1448 152 .

1011 189 1069 222 θείς.
1082 191 1115 218 Εἰ
1128 190 1210 219 τοίνυν
1233 191 1324 229 μάθοις
1338 192 1380 221 τὸν
1404 191 1492 230 κύριόν
1516 203 1564 230 μου
1585 192 1717 231 Κυριακὸν
1736 193 1778 221 τον

1010 234 1152 264 ἐπίσκοπον
1175 236 1218 265 ἐπὶ
1237 238 1283 271 τῆς
1306 238 1608 270 Κωνσταντινουπόλειι)ς
1629 238 1780 278 διατρίὸειν,

1011 281 1156 310 ἐπίστειλον
1179 283 1248 321 αὐτῷ
1268 283 1364 318 ταύτης
1386 283 1472 312 ἕνεκεν
1494 285 1541 318 τῆς
1557 283 1719 320 ὑποθέσεως,
1735 285 1780 312 καὶ

1011 327 1040 355 τὸ
1054 332 1106 355 πᾶν
1121 327 1214 356 ἀνύσαι
1228 328 1374 363 δυνήσεται,
1386 329 1439 358 Καὶ
1453 330 1569 367 μάλιστα
1582 329 1641 362 τοὺς
1658 330 1722 368 πρὸς
1736 330 1779 359 τὸν

1011 373 1080 401 Θεὸν
1093 373 1243 412 παρρησίαν
1259 373 1366 412 ἔχοντας
1375 375 1524 414 παρακάλει
1538 376 1623 414 πολλῇ
1635 377 1780 415 κεχρῆσθαι

1011 420 1044 457 τῇ
1061 419 1125 457 εὐχῇ
1137 441 1143 453 ,
1160 419 1244 457 πολλῇ
1260 421 1293 457 τῇ
1306 420 1435 461 ἐκτενείᾳ,
1448 420 1515 449 ὥστε
1526 420 1556 449 τὸ
1565 424 1611 456 τῆς
1627 420 1780 458 οἰκουμένης

1011 465 1087 491 τοῦτο
1111 464 1232 501 ναυάγιον
1256 464 1416 494 παύσασθαι.
1442 465 1572 505 Ἀφάρητα
1594 467 1644 505 γὰρ
1665 466 1710 494 καὶ
1731 466 1777 500 τὴν

1012 507 1098 536 Ἀσίαν
1110 508 1240 537 κατέλαίε
1256 509 1340 544 κακὰ,
1352 510 1397 538 καὶ
1409 511 1498 549 ἑτέρας
1513 511 1540 540 δὲ
1556 511 1644 544 πόλεις
1655 512 1699 540 καὶ
1713 511 1778 540 Ἔν.-

1013 555 1138 590 κλησίας,
1152 555 1232 594 ἅπερ,
1244 555 1286 584 ἵνα
1301 555 1337 593 μὴ
1351 557 1419 584 δοκῶ
1433 558 1583 596 διενοχλεῖν,
1596 558 1668 596 ἀφεῖς
1679 558 1708 586 τὸ
1723 559 1782 586 καθ’

1014 601 1124 630 ἕκαστον
1137 602 1233 640 λέγειν,
1249 604 1332 631 ἐκεῖνο
1346 602 1423 639 μόνον
1445 604 1495 642 ἐρῶ
1505 625 1512 639 ,
1528 603 1568 632 ὅτι
1583 605 1666 644 εὐχῶν
1678 605 1780 632 πολλῶν

1013 648 1090 687 χρεία
1102 670 1108 685 ,
1122 648 1167 677 καὶ
1181 648 1295 683 δεήσεων
1311 649 1429 677 ἐκτενῶν.

1054 982 1121 1012 σκιῗ.
1140 984 1237 1023 Κάστῳ
1248 1007 1255 1020 ,
1269 984 1424 1024 Οὐαλερίῳ,
1440 986 1578 1026 Διοφάντῳ
1587 1010 1594 1023 ,
1606 988 1742 1027 Κυριακῷ,

1214 1030 1400 1069 πρεσέἶυτέροις
1420 1031 1586 1071 Ἀντιοχείας.

1055 1119 1107 1148 Καὶ
1130 1121 1160 1149 τὸ
1178 1120 1293 1159 γράψαι,
1318 1120 1362 1149 καὶ
1386 1121 1526 1161 προτέρους
1549 1123 1713 1158 ἐπιπηδῆσαι
1731 1129 1784 1157 τοῖς

1015 1165 1080 1204 πρὸς
1095 1167 1166 1203 ἡμᾶς
1183 1166 1339 1205 γράμμασι,
1361 1166 1405 1194 καὶ
1417 1167 1446 1195 τὸ
1465 1167 1611 1206 γράμματα
1627 1170 1690 1206 παρ’
1709 1169 1784 1206 ἡμῶν

1016 1212 1137 1246 αἷτῆσαι,
1153 1212 1197 1240 καὶ
1214 1212 1243 1240 τὸ
1258 1213 1378 1241 κελεῦσαι
1403 1213 1549 1252 ὑπερίῆναι
1565 1213 1658 1253 μέτρον
1679 1215 1785 1243 ἐπιστο-

1014 1257 1077 1291 λῆς,
1093 1256 1171 1290 ἔδειξε
1187 1256 1247 1289 τοὺς
1260 1258 1416 1297 ἀχορέστους
1433 1258 1477 1286 καὶ
1495 1259 1618 1296 μανικοὺς
1633 1261 1707 1296 ἡμῶν
1722 1261 1785 1299 ἐρα-

1014 1302 1086 1335 στάς.
1094 1303 1180 1330 Τοῦτο
1190 1302 1238 1338 τὴν
1251 1302 1372 1341 ἐρημίαν,
1381 1299 1431 1342 ἕνῇ
1442 1304 1672 1343 διατρίὸομεν,οὖκ
1679 1305 1785 1344 ἀφίησιν

1013 1347 1125 1386 ἐρημίαν
1140 1347 1290 1386 φαίνεσθαι·
1305 1350 1380 1376 τοῦτο
1399 1348 1444 1380 τὰς
1467 1349 1588 1382 ποικίλας
1607 1350 1650 1378 καὶ
1670 1355 1786 1390 συνεχεῖς

1013 1395 1088 1430 ἡμῶν
1103 1393 1269 1431 περιστάσεις
1279 1396 1484 1432 παραμυθεῖται.
1494 1394 1530 1422 Τί
1540 1394 1591 1435 γὰρ
1600 1395 1704 1434 ἀγάπης
1716 1396 1785 1431 ἴσον;

1014 1439 1072 1466 Οὐκ
1089 1437 1157 1466 ἔστιν
1173 1437 1256 1467 οὐδέν.
1277 1438 1351 1472 Αὕτη
1367 1439 1411 1467 καὶ
1426 1439 1498 1478 ῥίζα,
1514 1440 1558 1468 καὶ
1573 1440 1660 1479 πηγὴ,
1675 1442 1720 1470 καὶ
1731 1442 1785 1479 μή·

1013 1495 1062 1522 τηρ
1077 1483 1132 1511 ἐστὶ
1146 1486 1197 1511 τῶν
1210 1485 1324 1522 ἀγαθῶν,
1339 1484 1419 1523 ἀρετὴ
1435 1485 1511 1514 πόνον
1523 1487 1568 1514 οὐκ
1584 1486 1690 1525 ἔχουσα,
1705 1488 1784 1526 ἀρετὴ

1013 1529 1093 1568 ἡδονῇ
1104 1529 1353 1568 συγκεκληροψένη,
1367 1530 1411 1558 καὶ
1424 1530 1523 1566 πολλὴν
1537 1531 1650 1570 φέρουσα
1661 1537 1714 1565 τοῖς
1725 1545 1786 1571 γνη-

1015 1575 1076 1607 σίως
1090 1574 1168 1610 αὐτὴν
1181 1579 1298 1613 μετιοῦσι
1309 1575 1355 1611 τὴν
1369 1576 1534 1616 εὐφροσύνην.
1547 1577 1598 1606 Διὰ
1613 1582 1695 1608 ταῦτα
1708 1579 1785 1620 χάριν

1015 1623 1077 1659 ὑμῖν
1093 1621 1168 1658 ἴσμεν
1179 1621 1289 1656 πολλὴν,
1300 1621 1339 1649 ὅτι
1353 1621 1421 1650 οὕτω
1431 1623 1544 1660 γνησίως
1555 1623 1727 1663 διετηρήσατε
1738 1625 1786 1661 τὴν

1017 1667 1077 1706 περὶ
1092 1670 1162 1705 ἡμᾶς
1178 1667 1306 1697 διάθεσιν
1326 1668 1370 1696 καὶ
1390 1671 1467 1706 ἡμεῖς
1481 1668 1507 1697 δὲ
1522 1669 1637 1709 ὅπουπερ
1656 1670 1685 1698 ἂν
1703 1665 1786 1708 ὦμεν,

1018 1713 1065 1741 κᾶν
1090 1713 1154 1751 πρὸς
1179 1713 1246 1741 αὐτὰ
1270 1715 1317 1747 τῆς
1343 1714 1496 1752 οἰκουμένης
1519 1716 1703 1754 ἀπενεχθῶμεν
1732 1720 1743 1732 ³
1754 1716 1786 1745 τὰ

1015 1759 1154 1798 τέρματα,
1175 1758 1223 1787 κᾶν
1241 1759 1276 1791 εἷς
1297 1759 1455 1799 ἐρημότερον
1476 1760 1567 1789 τούτου
1588 1761 1696 1800 χωρίον,
1709 1774 1787 1801 περι-

1018 1804 1136 1844 φέροντες
1161 1806 1229 1842 ὑμᾶς
1251 1804 1363 1842 ἄπιμεν,
1379 1805 1571 1844 ἕγκολάψαντες
1585 1809 1652 1844 ὑμᾶς
1672 1809 1704 1846 τῇ
1729 1809 1787 1836 δια-

1016 1850 1088 1889 νοίᾳ,
1112 1850 1156 1878 καὶ
1178 1852 1216 1889 τῷ
1233 1850 1361 1878 συνειδότι
1381 1851 1582 1889 ἐναποΟέμενοι,
1597 1852 1642 1880 καὶ
1663 1852 1722 1881 οὔτε
1740 1855 1787 1887 τῆς

1017 1897 1077 1925 ὁδοῦ
1104 1895 1133 1924 τὸ
1157 1898 1258 1934 μ’ἦκος,
1280 1895 1339 1924 οὔτε
1361 1898 1406 1924 τοῦ
1427 1896 1521 1935 χρόνου
1546 1897 1575 1926 τὸ
1596 1894 1708 1933 πλῆθος,
1728 1898 1787 1927 οὔτε

1017 1944 1030 1970 ὁ
1044 1943 1095 1970 τῶν
1117 1941 1295 1981 περιστάσεων
1318 1941 1394 1980 ὄχλος
1422 1942 1612 1982 ῥᾳθυμοτέρως
1634 1945 1705 1981 ἡμᾶς
1726 1944 1786 1983 περὶ

1016 1989 1064 2022 τὴν
1092 1987 1233 2026 ἐμμέλειαν
1266 1987 1313 2022 τὴν
1337 1987 1465 2026 ὑμετέραν
1492 1988 1644 2024 πεποίηκεν,
1670 1989 1728 2017 ἀλλ’
1752 1991 1788 2023 ὥς

1016 2033 1077 2072 χθὲς
1089 2033 1133 2061 καὶ
1150 2032 1241 2072 πρῴην
1255 2035 1316 2071 ὑμῖν
1332 2033 1528 2072 συγγενόμενοι,
1541 2035 1640 2072 μᾶλλον
1656 2034 1683 2064 δὲ
1697 2036 1733 2068 ὣς
1747 2035 1787 2064 ἀεὶ

1018 2081 1074 2118 μεθ’
1090 2081 1163 2117 ὑμῶν
1184 2079 1268 2114 ὄντες,
1282 2078 1372 2118 ὥσπερ
1386 2074 1428 2107 οῧν
1445 2079 1490 2108 καί
1511 2081 1599 2117 ἐσμεν,
1620 2079 1700 2113 οὕτως
1720 2082 1788 2119 ὑμᾶς

1017 2128 1132 2164 ὁρῶμεν,
1145 2124 1188 2153 καὶ
1198 2124 1380 2163 φανταζόμεῡα
1397 2129 1450 2157 τοῖς
1461 2127 1507 2160 τῆς
1519 2125 1623 2164 ἀγάπης
1637 2126 1788 2165 ὀφθαλμοῖς.

1017 2173 1141 2200 Τοιοῦτον
1157 2169 1208 2210 γὰρ
1227 2170 1256 2199 τὸ
1272 2172 1368 2209 φιλεῖν·
1382 2171 1410 2199 οὗ
1427 2170 1568 2209 διείργεται
1587 2170 1665 2200 ι’ὁδοῦ
1681 2172 1788 2204 διαστή-

1019 2228 1108 2254 μασιν,
1124 2217 1152 2244 οὐ
1169 2215 1326 2255 μαραίνεται
1342 2217 1447 2255 ἡμερῶν
1464 2215 1609 2252 πλήθει,οὐ
1620 2221 1726 2246 νικᾶται
1737 2217 1791 2246 θλί-

1018 2264 1088 2301 ψεων
1104 2261 1271 2300 περιστάσει,
1288 2262 1345 2290 ἀλλ’
1370 2263 1405 2293 εἷς
1420 2261 1483 2300 ὕψος
1505 2261 1605 2300 αἴρεται
1620 2262 1662 2290 διὰ
1681 2262 1789 2297 παντὸς,

1019 2307 1064 2336 καὶ
1079 2306 1172 2346 φλογὸς
1187 2311 1307 2344 μιμεῖται
1320 2306 1424 2345 δρόμον.
1439 2306 1490 2335 Καὶ
1510 2310 1586 2336 τοῦτο
1600 2306 1655 2335 ἴστε
1673 2307 1790 2344 μάλιστα

1019 2356 1123 2383 πάντων
1131 2378 1137 2389 ,
1149 2353 1240 2389 ἐπειδὴ
1250 2353 1293 2381 καὶ
1306 2356 1388 2392 φιλεῖν
1399 2352 1514 2390 μάλιστα
1525 2353 1629 2381 πάντων
1637 2353 1776 2383 ἐπίστασθε
1785 2367 1790 2372 ·

1018 2401 1057 2430 διὸ
1073 2400 1117 2429 καὶ
1134 2399 1233 2438 σφόδρα
1249 2401 1316 2436 ὒμᾶς
1338 2398 1526 2436 μακαρίζομεν.
1543 2399 1575 2427 lit
1590 2398 1641 2437 γὰρ
1656 2399 1700 2427 καὶ
1714 2402 1790 2438 ἡμεῖς

1029 2481 1105 2506 Paulo
1120 2486 1177 2513 post
1189 2479 1239 2504 duo
1252 2479 1309 2503 Mss.
1324 2483 1410 2512 αἴρεται
1422 2480 1457 2504 διὰ
1469 2482 1565 2504 πάντων.
