1843 2810
68 481 88 495 ι.
100 474 154 496 Cor.
169 479 205 496 ια.

64 512 104 533 27.

114 1811 217 1832 Comota-

78 1849 114 1864 ωι-
144 1843 219 1871 ΟΙΪιιυ

77 1874 165 1902 pind-*in
192 1874 220 1893 ul·

78 1905 199 1926 absentia-n

79 1938 148 1964 ipxiuS
183 1936 221 1955 tlo-

78 1968 169 1988 lentem.

84 2264 221 2289 A111058.11.

242 167 259 201 5

214 167 284 201 68

212 251 243 268 ac
258 239 386 268 donatore
405 237 517 276 dignam
536 236 687 265 doctrinam
702 234 803 265 Judaeis
817 245 848 262 ac
862 243 927 272 gen-

213 285 307 314 tilibus
333 283 473 313 ridendam
496 282 680 322 propinarint3
702 281 748 319 qui
777 280 928 308 innumeras

213 331 316 359 animas
333 329 524 363 demerserunt,
542 335 623 366 atque
637 327 774 355 innumera
795 332 849 353 toto
865 324 929 352 orbe

214 376 353 415 naufragia
367 375 521 411 effecerunt,
534 373 579 412 qui
595 379 698 401 tantum
714 370 868 399 incendium
882 381 929 398 ex-

215 422 339 458 citarunt,
349 432 379 450 ac
394 420 494 449 Christi
510 429 606 458 corpus
618 417 764 453 sciderunt,
773 424 798 445 et
811 417 931 445 membra

215 469 279 497 hinc
290 476 315 497 et
327 467 389 496 inde
399 467 552 506 abjecerunt
567 477 572 492 ε
591 466 647 493 Vos
661 464 743 499 enim,
756 463 853 502 inquit,
864 465 932 491 estis

543 174 571 197 S.

216 526 318 555 corpus
329 516 449 547 Christi,
463 519 490 541 et
507 513 637 540 membra
649 522 685 539 ex
694 517 790 549 parte;
801 510 854 538 imo
866 520 931 538 vero

217 561 284 600 quid
303 571 395 590 eorum
417 560 544 593 furorem,
556 557 602 595 qui
620 556 695 586 nullo
713 567 833 585 sermone
845 555 932 594 expli-

218 608 273 636 cari
292 613 386 647 potest,
402 604 552 643 exprimere
567 602 717 631 contendo?
733 609 860 640 quantam
872 612 930 641 poe-

217 665 279 683 nam
289 653 424 693 pestiferos
433 651 497 678 istos
505 660 536 678 ac
544 648 730 687 sanguinarios
740 648 860 676 homines
868 647 932 675 sub-

217 700 302 729 ituros
312 706 375 727 tune
383 707 437 726 esse
450 695 608 725 existimas?
620 696 690 724 Nam
705 694 726 723 si
736 694 782 732 qui
794 693 931 722 Christum

217 747 376 774 esurientem
397 753 449 771 non
468 742 602 778 aluerunt,
619 740 780 780 sempiterno
799 739 854 778 igni
869 750 931 768 cum

217 791 325 819 diabolo
338 789 502 818 addicuntur
515 800 521 815 z
534 787 580 826 qui
597 787 789 815 monachorum
802 793 828 814 et
842 785 930 824 virgi-

218 848 283 866 num
292 847 383 876 greges
393 836 419 864 in
431 836 527 863 famem
539 834 717 873 conjecerunt,
728 839 753 861 et
762 832 871 861 vestitos
883 842 932 860 nu-

217 883 326 919 darunt,
335 890 358 911 et
368 891 477 922 peregre
486 887 592 919 agentes
604 890 657 908 non
667 878 746 907 modo
759 889 810 907 non
821 878 934 916 college-

219 936 291 963 runt,
301 928 346 957 sed
360 928 439 956 etiam
454 926 625 966 expulerunt,
637 932 662 953 et
676 924 770 953 morbo
785 923 934 952 laborantes

219 985 270 1002 non
282 973 361 1002 modo
376 983 427 1002 non
442 970 650 1007 visitarunt,sed
658 970 737 999 etiam
752 969 935 998 vehementius

219 1020 385 1054 afflixerunt,
398 1026 423 1047 et
439 1029 491 1047 non
512 1017 591 1046 modo
610 1017 645 1045 ad
660 1027 703 1045 eos
718 1016 762 1055 qui
781 1016 807 1044 in
821 1015 936 1045 vinculis

219 1074 293 1095 erant
308 1077 363 1095 sese
378 1076 428 1094 non
444 1064 623 1100 contulerunt,
643 1062 689 1091 sed
703 1063 783 1091 etiam
804 1069 833 1090 ut
854 1062 872 1090 ii
888 1061 935 1100 qui

220 1112 298 1140 liberi
313 1122 343 1140 ac
356 1110 436 1139 soluti
451 1117 525 1138 erant
541 1109 567 1137 in
583 1119 714 1137 carcerem
729 1108 933 1146 conjicerentur,

220 1168 328 1196 operam
350 1156 492 1191 dederunt,
509 1161 621 1193 quantas
642 1164 732 1193 poenas
755 1153 850 1181 luituri
874 1153 936 1189 sint,

221 1203 320 1241 cogites
331 1203 403 1231 licet.
417 1202 490 1230 Tum
508 1200 590 1239 igitur
605 1210 648 1228 eos
664 1199 779 1228 flammis
793 1199 937 1227 excrucia—

222 1256 261 1277 tos
273 1255 298 1277 et
313 1249 515 1286 conflagrantes,
525 1245 772 1281 vinctos,dentihus
784 1244 936 1281 stridentes,

222 1295 320 1323 frustra
335 1295 519 1327 lamentantes,
529 1292 616 1320 inutili
629 1292 702 1320 luctu
717 1301 744 1319 se
758 1290 938 1326 conficientes,

222 1347 301 1378 atque
312 1339 405 1368 divitis
414 1339 487 1367 illins
498 1339 524 1366 in
536 1337 658 1372 modum,
668 1338 799 1365 incassum
809 1335 935 1375 poeniten-

224 1393 261 1414 tes
273 1386 388 1415 videbis.
402 1387 440 1414 Ac
455 1395 563 1413 rursum
576 1391 601 1412 te
611 1384 651 1412 illi
666 1383 692 1411 in
701 1383 787 1411 beatis
798 1382 853 1410 illis
869 1381 938 1411 sedi-

222 1432 273 1460 bus
284 1442 409 1460 eoronam
425 1437 582 1469 gestantem,
596 1440 658 1458 cum
672 1429 773 1467 angelis
787 1427 937 1467 tripudian-

222 1485 287 1512 tem,
300 1485 378 1516 atque
389 1487 448 1505 eum
465 1476 572 1504 Christo
584 1482 738 1513 regnantem
753 1474 893 1510 videbunty
908 1484 938 1502 ac

223 1524 392 1552 vehementer
402 1521 591 1551 exclamabunt
606 1527 630 1549 et
644 1520 829 1558 ingemiscent,
845 1526 938 1547 eontu-

225 1569 375 1603 mcliarum,
390 1578 456 1606 quas
480 1567 528 1595 tibi
549 1567 710 1603 inusserunt,
727 1566 894 1605 poenitentes,
907 1576 939 1594 ae

223 1614 357 1653 supplices
368 1613 473 1642 libellos
483 1613 532 1641 tibi
548 1613 697 1648 offerentes,
712 1611 938 1640 misericordiam-

224 1671 275 1698 que
284 1667 309 1688 et
320 1659 514 1687 humanitatem
526 1665 600 1687 tuam
613 1658 746 1687 incassum
757 1657 938 1697 implorantes.

267 1707 313 1733 11.
338 1705 399 1733 Haec
410 1704 493 1743 igitur
504 1704 592 1732 omnia
604 1711 689 1732 tecum
705 1703 850 1739 considera,
858 1715 940 1741 eaque
951 1689 987 1738 Ὗ

227 1751 322 1780 animae
335 1757 386 1778 tuae
398 1757 526 1789 perpetuo
540 1749 630 1778 accine
643 1761 648 1776 ε
661 1749 751 1786 sicque
762 1749 833 1777 hunc
847 1750 942 1789 pulve-

229 1809 284 1826 rcm
300 1797 433 1825 discutere
451 1796 558 1835 poteris.
572 1795 707 1830 Quoniam
722 1801 821 1829 autem,
840 1802 867 1823 ut
883 1796 943 1833 qui-

230 1844 291 1872 dem
315 1853 372 1871 mea
395 1842 485 1881 opinio
509 1842 567 1876 sert,
582 1840 656 1869 aliud
679 1840 788 1879 quidem
807 1848 855 1876 est,
872 1841 943 1879 quod

232 1897 256 1918 te
270 1888 416 1928 praesertim
431 1887 505 1925 angit
515 1894 539 1916 ct
551 1887 697 1919 excruciat,
707 1897 755 1925 age
765 1887 829 1915 huic
839 1898 945 1925 quoque

231 1934 384 1973 cogitationi
401 1944 448 1972 per
463 1944 503 1969 ca,
522 1943 579 1971 qum
595 1932 666 1960 dicta
682 1939 743 1960 sunt
760 1939 784 1960 et
802 1944 860 1970 quae
875 1943 945 1961 nunc

231 1979 328 2008 dicturi
341 1976 625 2017 sumus,pharmacum
636 1986 767 2015 pareinus.
776 1976 881 2004 Etenim
893 1987 945 2005 non

230 2026 265 2053 ob
284 2025 340 2052 haee
361 2031 464 2052 tantum
484 2023 549 2051 mihi
566 2023 592 2050 in
608 2022 700 2050 dolore
718 2022 817 2050 versari
832 2022 944 2060 videris,

229 2071 275 2099 sed
285 2069 450 2107 ctiam,quod
459 2080 472 2097 a
482 2080 524 2097 me
533 2068 582 2097 vili
591 2068 754 2096 homunculo
763 2069 880 2107 sejuncta
892 2069 945 2097 sis:

230 2115 352 2153 illudque
367 2115 467 2153 lugere,
482 2121 562 2152 atque
575 2113 647 2153 apud
661 2124 752 2142 omnes
766 2113 855 2142 dicere
867 2126 872 2141 :
886 2114 946 2142 Lin-

231 2172 310 2199 guam
324 2161 397 2189 illam
411 2172 461 2189 non
474 2160 608 2195 audimus,
618 2170 664 2188 nec
675 2170 773 2198 ca,qua
785 2160 946 2196 solebamus,

231 2207 350 2236 doctrina
361 2207 486 2241 fruimur,
497 2216 589 2234 verum
598 2206 667 2234 same
677 2217 829 2235 coercemur
841 2219 847 2234 ε
860 2206 946 2245 quod-

233 2265 284 2293 que
296 2256 368 2282 Deus
382 2253 500 2281 Hebraeis
511 2252 646 2290 quondam
660 2253 825 2288 minabatur,
838 2253 865 2281 id
877 2263 947 2281 nunc

233 2300 361 2340 patimur,
375 2309 469 2338 nempe
484 2309 534 2326 non
551 2298 628 2336 panis
642 2299 748 2332 famem,
763 2309 809 2327 nec
824 2309 898 2337 aqu-'r
908 2298 946 2326 si-

234 2346 294 2382 tim,
307 2346 352 2374 scd
365 2345 463 2373 divinae
476 2344 603 2371 doctrinae
616 2344 722 2372 famem.
735 2343 809 2379 Quid
821 2344 903 2383 igitur
913 2343 948 2372 ad

234 2393 290 2421 have
312 2390 449 2420 dicemus?
472 2389 607 2418 Nimirum
631 2388 701 2417 illud
725 2389 852 2425 maxime,
876 2389 949 2427 quod

235 2438 284 2467 tibi
297 2438 377 2466 etiam
394 2436 470 2465 nobis
486 2435 639 2463 absentibus
655 2434 681 2463 in
696 2435 827 2463 librorum
844 2442 947 2463 nostro-

237 2495 296 2512 rum
311 2483 421 2512 lectione
433 2481 533 2511 versari
552 2481 620 2509 licet.
633 2481 687 2509 Nos
701 2491 816 2518 quoquc,
830 2481 850 2508 si
863 2481 947 2509 tabel-

273 2574 281 2588 -ι
301 2565 363 2588 Tres·
375 2563 430 2588 Μιδ4
448 2566 543 2589 &td-‚vcra
559 2564 641 2590 ἕοιπὲν,
657 2558 722 2583 Ediu
736 2564 848 2587 ἀνόνητον-

599 174 738 197 JOANNIS
765 172 944 196 CIIRYSOST.
975 172 1129 194 ARCfflEP.
1158 172 1425 195 CONSTANTINOP.

983 233 1135 272 σπείραντες
1148 245 1153 251 ·
1171 233 1262 272 Ὑμεῖς
1276 235 1336 274 γὰρ,
1351 235 1440 274 φησὶν,
1456 233 1515 263 ἐστὲ
1530 235 1607 272 σῶμα
1622 235 1748 274 Χριστοῦ,

984 279 1028 308 καὶ
1043 279 1110 317 με’λη
1125 281 1153 308 ἐκ
1172 280 1280 320 μέρους·
1299 282 1398 318 μᾶλλον
1414 280 1440 309 δὲ
1459 280 1485 308 τί
1500 282 1637 320 φιλονεικίῖ)
1659 293 1747 320 παρα-

985 327 1081 360 στῆσαι
1094 325 1142 361 τὴν
1156 326 1249 364 μανίαν
1266 328 1363 360 αὐτῶν,
1382 328 1572 365 ἑρμηνευθῆναι
1591 327 1750 365 μὴ-δυναμέ-

984 384 1030 407 νην
1045 372 1128 411 λόγως
1144 372 1227 407 πόσην
1242 372 1327 401 τοίνυν
1341 372 1389 401 οἴει
1407 373 1600 408 ὑποστήσεσθαι
1621 375 1750 412 τιμωρίαν

984 417 1042 447 τότε
1057 418 1116 450 τοὺς
1133 419 1268 456 λυμεῶνας
1279 418 1384 451 τούτους
1398 419 1442 447 καὶ
1463 419 1629 458 αἳμοέόρους;
1646 419 1679 447 Εἰ
1699 418 1751 457 γὰρ

985 465 1009 492 οἱ
1029 463 1066 501 μὴ
1090 463 1235 503 θρέψαντας
1255 466 1385 492 πεινῶντα
1399 464 1442 492 τὸν
1464 464 1592 503 Χριστὸν,
1614 464 1681 502 μετὰ
1705 466 1750 492 τοῦ

987 509 1107 538 διαὸόλου
1133 510 1351 543 καταδικάζονται
1367 511 1405 548 τῷ
1428 509 1491 548 πυρὶ
1515 512 1552 549 τῷ
1573 510 1692 549 ἀσὸέστῳ
1705 521 1710 527 ·
1727 510 1751 538 οἱ

986 555 1031 583 καὶ
1046 556 1116 593 λιμῷ
1132 555 1292 594 παραδόντες
1308 557 1429 594 μοναχῶν
1445 555 1489 583 καὶ
1503 555 1637 595 παρθένων
1651 555 1752 595 χοροὺς,

987 601 1031 630 καὶ
1053 601 1233 639 ἐνδεδυμένους
1252 600 1449 640 γυμνώσαντες,
1464 601 1508 629 καὶ
1522 601 1606 634 ξένους
1624 601 1700 633 ὄντας
1723 604 1752 630 οὗ

989 647 1066 685 μόνον
1089 646 1124 685 μὴ
1151 647 1354 686 συναγαγόντες,
1375 646 1443 675 ἀλλὰ
1464 646 1508 675 καὶ
1529 647 1682 681 ἐλάσαντες,
1707 648 1753 676 καὶ

988 695 1185 732 ἀρρωστοῦντας
1204 694 1231 722 οὐ
1247 693 1324 731 μόνον
1343 694 1388 721 οὐκ
1403 692 1616 731 ἐπισκεψάμενοι,
1631 692 1697 721 ἀλλὰ
1709 693 1753 721 καὶ

988 739 1120 768 ἐπιπλεῖον
1135 738 1332 778 συντρίψαντες,
1347 738 1391 767 καὶ
1410 739 1438 767 οὐ
1454 738 1530 776 μόνον
1546 738 1695 776 δεδεμένους
1709 739 1754 767 οὐκ

988 785 1092 821 ἰδόντες,
1104 785 1171 814 ἀλλὰ
1190 785 1235 813 καὶ
1248 784 1403 822 λελυμένους
1418 786 1453 817 εἷς
1473 784 1652 823 δεσμωτήριον
1664 796 1753 825 παρα-

988 832 1161 864 σκευάσαντες
1172 831 1343 870 ἐμὸαλέσθαι,
1353 831 1472 867 ἐννόησον
1488 831 1552 866 ὅσην
1563 831 1754 866 ὓποστήσονται

988 877 1127 917 τιμωρίαν.
1139 878 1208 906 Τότε
1230 878 1314 905 τοίνυν
1333 878 1390 915 ὄψει
1414 876 1504 909 αὖτοὺς
1526 877 1754 915 ἀποτηγανιζομέ-

989 936 1045 956 νους
1055 946 1061 958 ,
1079 923 1309 961 κατακαιομὲνους,
1323 922 1481 961 δεδεμένους,
1495 922 1553 955 τοὺς
1568 923 1673 956 ὀδόντας
1689 923 1754 962 βρύ-

989 981 1095 1008 χοντοις,
1112 969 1328 1008 ὀλοφυρομένους,
1339 969 1468 1004 ὂάνόνητα
1483 969 1573 998 λοιπὸν
1589 972 1754 1008 θρηνοῦντας,

989 1016 1033 1044 καὶ
1057 1016 1176 1054 ἀνωφελῆ
1199 1018 1388 1053 μετανοοῦντας
1410 1015 1454 1043 καὶ
1480 1015 1721 1054 ἇκερδῆ,καθοίπερ
1741 1017 1755 1043 ὁ

990 1061 1112 1093 πλούσιος
1129 1063 1232 1093 ἐκεῖνος.
1248 1061 1379 1100 ’Όψονταί
1390 1072 1418 1089 σε
1437 1060 1481 1089 καὶ
1494 1056 1565 1089 οὗτοι
1583 1061 1662 1089 πάλιν
1677 1062 1703 1088 ἐν
1722 1062 1754 1099 τῇ

991 1107 1109 1147 μακαρίᾳ
1131 1107 1202 1142 λήξει
1225 1107 1310 1145 ἐκείνῃ
1334 1110 1592 1146 στεφανηφοροῦσαν,
1617 1106 1682 1144 μετὰ
1704 1108 1755 1134 τῶν

991 1154 1108 1193 ἀγγέλων
1132 1152 1299 1193 χορεύουσαν,
1321 1154 1358 1192 τῷ
1376 1153 1484 1192 Χριστῷ
1505 1152 1757 1190 συμὸασιλεύουσαν,

991 1200 1036 1228 καὶ
1053 1200 1191 1238 βοήσονται
1205 1199 1290 1228 πολλὰ
1307 1199 1351 1227 καὶ
1366 1199 1532 1238 θρηνήσουσι,
1547 1197 1757 1236 μεταγινώσκον-

991 1258 1033 1279 τες
1057 1248 1095 1285 ἐφ’
1119 1241 1156 1278 οἷς
1171 1245 1225 1277 Ῐἐἷς
1250 1245 1278 1273 σὲ
1299 1244 1471 1284 παρῴνησαν,
1492 1244 1537 1272 καὶ
1558 1244 1689 1283 ἱκετηρίαν
1717 1254 1758 1272 σοι

991 1292 1181 1331 προστιθέντες,
1195 1291 1240 1320 καὶ
1264 1291 1336 1319 ἐλέου
1357 1290 1518 1329 μεμνημένοι
1539 1290 1583 1319 καὶ
1609 1292 1757 1329 φιλανθρω-

991 1339 1066 1374 πίας,
1078 1338 1123 1367 καὶ
1138 1337 1208 1367 οὐδὲν
1221 1337 1293 1366 ἔσται
1307 1338 1385 1366 πλέον
1404 1338 1498 1369 αὐτοῖς,

1037 1705 1130 1733 Ταῦτα
1145 1699 1187 1732 οῧν
1206 1703 1309 1732 ἅπαντα
1327 1703 1479 1742 λογιζομένη
1493 1703 1571 1743 ἔπᾳδε
1587 1705 1699 1743 συνεχῶς
1716 1714 1761 1732 σου

996 1753 1028 1789 τῇ
1044 1752 1125 1789 ψυχῇ,
1140 1749 1185 1777 καὶ
1200 1749 1245 1783 τὴν
1266 1748 1352 1777 κονίαν
1373 1749 1420 1784 (al.
1443 1749 1526 1787 κόνιν)
1540 1750 1637 1785 ταύτην
1660 1750 1763 1778 διασκε-

997 1795 1075 1824 δάσαι
1094 1795 1199 1833 δυνήσῃ.
1213 1794 1323 1829 Ἐπειδὴ
1339 1794 1365 1823 δὲ
1380 1794 1425 1823 καὶ
1437 1795 1523 1834 ἔτερόν
1537 1797 1591 1823 ἐστι
1603 1796 1633 1824 τὸ
1648 1794 1764 1833 μάλιστά

999 1853 1027 1870 σε
1046 1841 1153 1875 ὀδυνῶν,
1170 1842 1204 1872 ὡς
1223 1840 1304 1878 ἔγωγε
1316 1835 1389 1876 οἶμαι
1398 1863 1404 1875 ,
1419 1840 1479 1879 φέρε
1492 1841 1536 1869 καὶ
1547 1841 1629 1880 τούτῳ
1643 1842 1680 1880 τῷ
1691 1842 1763 1879 λογι-

999 1888 1059 1925 σμῷ
1072 1885 1310 1923 κατασκευάσωμεν
1325 1886 1354 1914 τὸ
1373 1886 1510 1925 φάρμακον
1529 1886 1595 1923 μετὰ
1615 1888 1666 1914 τῶν
1689 1888 1764 1925 εἰρη-

1000 1933 1083 1971 μένων
1096 1932 1141 1960 καὶ
1157 1931 1173 1959 ἃ
1183 1935 1226 1960 ν’ῠν
1241 1933 1359 1969 ἐροῦμεν.
1372 1932 1423 1960 Καὶ
1434 1933 1485 1972 γὰρ
1497 1928 1571 1971 οἶμαί
1587 1944 1615 1961 σε
1633 1933 1720 1971 ἀλγεῖν
1736 1932 1765 1960 οὗ

1001 1978 1044 2007 διὰ
1063 1981 1146 2006 ταῦτα
1167 1977 1253 2015 μόνον,
1277 1978 1344 2006 ἀλλὰ
1366 1978 1410 2006 καὶ
1430 1977 1472 2006 διὰ
1492 1979 1521 2006 τὸ
1540 1978 1700 2018 κεχωρίσθαι
1720 1980 1767 2012 τῆς

1002 2024 1130 2056 οὖδενείοις
1145 2026 1191 2057 τῆς
1210 2023 1350 2062 ἡμετέρας,
1373 2023 1506 2052 καὶτοῦτο
1529 2024 1652 2059 διηνεκῶς
1666 2026 1767 2064 θρηνεῖν

1003 2082 1048 2105 σε,
1076 2070 1120 2098 καὶ
1142 2070 1206 2109 πρὸς
1229 2069 1346 2101 ἅπαντας
1372 2069 1456 2108 λέγειν
1471 2081 1478 2087 ·
1501 2070 1547 2098 οὐκ
1572 2070 1698 2107 ἀκούομεν
1722 2071 1769 2104 τῆς

1003 2115 1121 2155 γλώττης
1135 2115 1234 2150 ἐκείνης
1244 2138 1250 2149 ,
1263 2115 1320 2144 οὐδὲ
1336 2115 1501 2153 ἀπολαύομεν
1520 2117 1566 2150 τ’ἧς
1585 2115 1709 2149 συνήθους
1731 2115 1768 2143 δι-

1004 2162 1156 2194 δασκαλίας,
1169 2161 1236 2189 ἀλλὰ
1248 2162 1273 2189 ἐν
1285 2161 1355 2200 λιμῷ
1372 2160 1614 2198 κατακεκλείσμεθα
1625 2172 1631 2178 ·
1647 2161 1692 2189 καὶ
1706 2160 1770 2199 ὅπερ

1004 2207 1146 2242 ἠπείλησεν
1168 2209 1181 2235 ὁ
1203 2207 1270 2239 Θεὸς
1293 2211 1346 2239 τοῖς
1367 2206 1500 2246 Ἱίὅραίοις
1526 2206 1602 2242 τότε,
1628 2209 1705 2235 τοῦτο
1726 2210 1768 2234 νῦν

1004 2252 1178 2290 ὑπομένομεν,
1193 2254 1220 2281 οὐ
1237 2253 1313 2290 λιμὸν
1329 2253 1418 2291 ἄρτου,
1432 2252 1489 2281 οὐδὲ
1501 2252 1577 2290 δίψαν
1591 2251 1691 2287 ὕδατος,
1702 2251 1770 2280 ἀλλὰ

1004 2299 1081 2336 λιμὸν
1102 2298 1171 2330 θείοις
1192 2298 1370 2330 διδασκαλίας.
1391 2297 1426 2326 Τί
1446 2292 1489 2325 οὖν
1509 2299 1585 2335 ἡμεῖς
1604 2297 1666 2335 πρὸς
1687 2299 1770 2325 ταῦτα

1006 2346 1128 2383 ἕροῦμεν;
1142 2343 1207 2372 “Ort
1229 2344 1343 2381 μάλιστα
1360 2342 1406 2381 μὲν
1421 2342 1503 2375 ἔξεστί
1526 2354 1567 2371 σοι
1585 2342 1629 2370 καὶ
1652 2342 1771 2370 ἀπόντων

1006 2392 1080 2428 ἡμῶν
1093 2390 1192 2427 ὁμιλεῖν
1209 2393 1262 2421 τοῖς
1284 2389 1393 2427 βιὸλίοις
1407 2393 1459 2420 τοῖς
1470 2388 1615 2426 ἡμετέροις.
1628 2387 1679 2416 Καὶ
1696 2390 1772 2426 ἡμεῖς

1007 2437 1033 2464 δὲ
1046 2435 1161 2470 σπουδὴν
1175 2434 1347 2472 ποιησόμεθα,
1368 2434 1398 2462 ἂν
1421 2434 1634 2473 ἐπιτυγχάνιιψεν
1648 2445 1772 2473 γραμμα-

1004 2481 1134 2520 τηφόριιιν,
1154 2484 1269 2519 συνεχεῖς
1290 2491 1330 2508 σοι
1345 2479 1389 2509 καὶ
1403 2479 1502 2512 πυκνὰς
1522 2479 1565 2508 καὶ
1582 2479 1684 2518 μακρὰς
1701 2478 1771 2515 πέμ-

1044 2559 1055 2575 ¹³
1076 2559 1129 2583 Duo
1142 2558 1197 2583 MSS.
1214 2563 1242 2587 εἰς
1257 2562 1277 2583 τὲ
1291 2561 1445 2594 ὃιεπράξκντο.
