<?xml version="1.0" encoding="UTF-8"?>
<!DOCTYPE html PUBLIC "-//W3C//DTD XHTML 1.0 Transitional//EN"
    "http://www.w3.org/TR/xhtml1/DTD/xhtml1-transitional.dtd">
<html xmlns="http://www.w3.org/1999/xhtml" xml:lang="en" lang="en">
 <head>
  <title>
</title>
<meta http-equiv="Content-Type" content="text/html;charset=utf-8" />
  <meta name='ocr-system' content='tesseract 3.04.00' />
  <meta name='ocr-capabilities' content='ocr_page ocr_carea ocr_par ocr_line ocrx_word'/>
</head>
<body>
  <div class='ocr_page' id='page_1' title='image "./operaomniaquaeex03johnuoft/operaomniaquaeex03johnuoft_0235.png"; bbox 0 0 1830 2829; ppageno 0'>
   <div class='ocr_carea' id='block_1_1' title="bbox 393 163 562 195">
    <p class='ocr_par' dir='ltr' id='par_1_1' title="bbox 393 163 562 195">
     <span class='ocr_line' id='line_1_1' title="bbox 393 163 562 195; baseline -0.012 -9"><span class='ocrx_word' id='word_1_1' title='bbox 393 165 423 186; x_wconf 70' lang='lat' dir='ltr'>ix</span> <span class='ocrx_word' id='word_1_2' title='bbox 454 163 562 195; x_wconf 69' lang='grc' dir='ltr'>ιι,ι,ι.·ι),</span> 
     </span>
    </p>
   </div>
   <div class='ocr_carea' id='block_1_2' title="bbox 80 221 855 768">
    <p class='ocr_par' dir='ltr' id='par_1_2' title="bbox 87 221 855 301">
     <span class='ocr_line' id='line_1_2' title="bbox 88 221 855 265; baseline 0.001 -11"><span class='ocrx_word' id='word_1_3' title='bbox 88 226 132 261; x_wconf 62' lang='lat' dir='ltr'>iv,</span> <span class='ocrx_word' id='word_1_4' title='bbox 155 228 177 254; x_wconf 81' lang='grc' dir='ltr'>εἶ</span> <span class='ocrx_word' id='word_1_5' title='bbox 213 226 389 256; x_wconf 73' lang='grc' dir='ltr'>κεκιιιλνμένον</span> <span class='ocrx_word' id='word_1_6' title='bbox 420 221 472 260; x_wconf 71' lang='grc' dir='ltr'>ἦν,</span> <span class='ocrx_word' id='word_1_7' title='bbox 507 226 603 261; x_wconf 74' lang='grc' dir='ltr'>ταύτην</span> <span class='ocrx_word' id='word_1_8' title='bbox 640 227 749 265; x_wconf 69' lang='grc' dir='ltr'>ἐπῄνεσε</span> <span class='ocrx_word' id='word_1_9' title='bbox 780 230 855 256; x_wconf 68' lang='grc' dir='ltr'>τοῦτο</span> 
     </span>
     <span class='ocr_line' id='line_1_3' title="bbox 87 274 223 301; baseline 0.015 -3"><span class='ocrx_word' id='word_1_10' title='bbox 87 274 223 301; x_wconf 76' lang='grc' dir='ltr'>ποιοῖἱσαν.</span> 
     </span>
    </p>

    <p class='ocr_par' dir='ltr' id='par_1_3' title="bbox 80 317 853 768">
     <span class='ocr_line' id='line_1_4' title="bbox 125 317 852 356; baseline 0.001 -10"><span class='ocrx_word' id='word_1_11' title='bbox 125 318 302 346; x_wconf 79' lang='grc' dir='ltr'>Ἁκουέτωσαν</span> <span class='ocrx_word' id='word_1_12' title='bbox 324 317 428 356; x_wconf 76' lang='grc' dir='ltr'>ἄνδρες,</span> <span class='ocrx_word' id='word_1_13' title='bbox 450 317 615 346; x_wconf 78' lang='grc' dir='ltr'>ἀκουέτιιισαν</span> <span class='ocrx_word' id='word_1_14' title='bbox 640 320 724 347; x_wconf 71' lang='grc' dir='ltr'>ταῦτα</span> <span class='ocrx_word' id='word_1_15' title='bbox 744 319 788 347; x_wconf 80' lang='grc' dir='ltr'>καὶ</span> <span class='ocrx_word' id='word_1_16' title='bbox 808 331 852 356; x_wconf 87' lang='grc' dir='ltr'>γυ-</span> 
     </span>
     <span class='ocr_line' id='line_1_5' title="bbox 85 363 851 403; baseline 0.001 -12"><span class='ocrx_word' id='word_1_17' title='bbox 85 369 182 396; x_wconf 81' lang='grc' dir='ltr'>ναῖκες·</span> <span class='ocrx_word' id='word_1_18' title='bbox 205 365 301 392; x_wconf 80' lang='grc' dir='ltr'>ἐκεῖναι</span> <span class='ocrx_word' id='word_1_19' title='bbox 322 363 381 400; x_wconf 75' lang='grc' dir='ltr'>μὲν,</span> <span class='ocrx_word' id='word_1_20' title='bbox 398 364 440 392; x_wconf 86' lang='grc' dir='ltr'>ἰ’να</span> <span class='ocrx_word' id='word_1_21' title='bbox 459 363 506 398; x_wconf 73' lang='grc' dir='ltr'>τὴν</span> <span class='ocrx_word' id='word_1_22' title='bbox 522 364 653 403; x_wconf 59' lang='grc' dir='ltr'>ὁμόφυλον</span> <span class='ocrx_word' id='word_1_23' title='bbox 675 366 719 394; x_wconf 75' lang='grc' dir='ltr'>καὶ</span> <span class='ocrx_word' id='word_1_24' title='bbox 741 367 851 403; x_wconf 70' lang='grc' dir='ltr'>συγγενῆ</span> 
     </span>
     <span class='ocr_line' id='line_1_6' title="bbox 85 404 853 448; baseline 0.003 -12"><span class='ocrx_word' id='word_1_25' title='bbox 85 409 265 446; x_wconf 65' lang='grc' dir='ltr'>μιμήσωνται*</span> <span class='ocrx_word' id='word_1_26' title='bbox 281 404 351 436; x_wconf 53' lang='grc' dir='ltr'>οὗτοι</span> <span class='ocrx_word' id='word_1_27' title='bbox 366 408 407 443; x_wconf 77' lang='grc' dir='ltr'>δὲ,</span> <span class='ocrx_word' id='word_1_28' title='bbox 422 409 462 437; x_wconf 63' lang='grc' dir='ltr'>ἰ’να</span> <span class='ocrx_word' id='word_1_29' title='bbox 479 409 516 447; x_wconf 77' lang='grc' dir='ltr'>μὴ</span> <span class='ocrx_word' id='word_1_30' title='bbox 538 411 656 447; x_wconf 74' lang='grc' dir='ltr'>γυναικὸς</span> <span class='ocrx_word' id='word_1_31' title='bbox 675 410 853 448; x_wconf 75' lang='grc' dir='ltr'>ἀσθενέστεροι</span> 
     </span>
     <span class='ocr_line' id='line_1_7' title="bbox 84 453 852 494; baseline 0.003 -13"><span class='ocrx_word' id='word_1_32' title='bbox 84 453 234 491; x_wconf 83' lang='grc' dir='ltr'>φαίνωνται.</span> <span class='ocrx_word' id='word_1_33' title='bbox 262 454 329 482; x_wconf 86' lang='grc' dir='ltr'>Τίνα</span> <span class='ocrx_word' id='word_1_34' title='bbox 351 454 400 493; x_wconf 74' lang='grc' dir='ltr'>γὰρ</span> <span class='ocrx_word' id='word_1_35' title='bbox 427 454 517 492; x_wconf 74' lang='grc' dir='ltr'>ἕξομεν</span> <span class='ocrx_word' id='word_1_36' title='bbox 541 455 768 494; x_wconf 74' lang='grc' dir='ltr'>ἀπολογίαν,τι’να</span> <span class='ocrx_word' id='word_1_37' title='bbox 792 467 852 493; x_wconf 81' lang='grc' dir='ltr'>συγ·</span> 
     </span>
     <span class='ocr_line' id='line_1_8' title="bbox 83 498 851 541; baseline 0.004 -15"><span class='ocrx_word' id='word_1_38' title='bbox 83 498 203 537; x_wconf 54' lang='lat' dir='ltr'>*subo-qv,</span> <span class='ocrx_word' id='word_1_39' title='bbox 227 499 288 528; x_wconf 76' lang='grc' dir='ltr'>ὅταν</span> <span class='ocrx_word' id='word_1_40' title='bbox 310 502 437 537; x_wconf 77' lang='grc' dir='ltr'>γυναικῶν</span> <span class='ocrx_word' id='word_1_41' title='bbox 464 500 592 536; x_wconf 71' lang='grc' dir='ltr'>τοσαύτην</span> <span class='ocrx_word' id='word_1_42' title='bbox 622 501 768 541; x_wconf 72' lang='grc' dir='ltr'>προθυμίαν</span> <span class='ocrx_word' id='word_1_43' title='bbox 794 503 851 530; x_wconf 78' lang='grc' dir='ltr'>ἐπι-</span> 
     </span>
     <span class='ocr_line' id='line_1_9' title="bbox 83 544 853 585; baseline 0.005 -13"><span class='ocrx_word' id='word_1_44' title='bbox 83 544 254 582; x_wconf 74' lang='grc' dir='ltr'>δεικνυμένων</span> <span class='ocrx_word' id='word_1_45' title='bbox 283 546 327 573; x_wconf 86' lang='grc' dir='ltr'>καὶ</span> <span class='ocrx_word' id='word_1_46' title='bbox 352 545 480 580; x_wconf 74' lang='grc' dir='ltr'>τοσαύτην</span> <span class='ocrx_word' id='word_1_47' title='bbox 505 546 675 585; x_wconf 61' lang='grc' dir='ltr'>φιλοσοφίαν,</span> <span class='ocrx_word' id='word_1_48' title='bbox 694 550 770 585; x_wconf 79' lang='grc' dir='ltr'>ἡμεῖς</span> <span class='ocrx_word' id='word_1_49' title='bbox 800 552 853 580; x_wconf 87' lang='grc' dir='ltr'>τοὶς</span> 
     </span>
     <span class='ocr_line' id='line_1_10' title="bbox 81 587 851 631; baseline 0.005 -14"><span class='ocrx_word' id='word_1_50' title='bbox 81 592 126 618; x_wconf 76' lang='grc' dir='ltr'>τοῦ</span> <span class='ocrx_word' id='word_1_51' title='bbox 139 590 237 628; x_wconf 84' lang='grc' dir='ltr'>κόσμου</span> <span class='ocrx_word' id='word_1_52' title='bbox 251 591 404 631; x_wconf 71' lang='grc' dir='ltr'>πράγμασιν</span> <span class='ocrx_word' id='word_1_53' title='bbox 420 587 490 629; x_wconf 70' lang='grc' dir='ltr'>ὦμεν</span> <span class='ocrx_word' id='word_1_54' title='bbox 512 592 690 630; x_wconf 72' lang='grc' dir='ltr'>συνδεδεμένοι</span> <span class='ocrx_word' id='word_1_55' title='bbox 711 593 851 627; x_wconf 74' lang='grc' dir='ltr'>διηνεκῶς;</span> 
     </span>
     <span class='ocr_line' id='line_1_11' title="bbox 844 662 852 675; baseline 0 0"><span class='ocrx_word' id='word_1_56' title='bbox 844 662 852 675; x_wconf 71' lang='grc'><strong><em>7</em></strong></span> 
     </span>
     <span class='ocr_line' id='line_1_12' title="bbox 81 681 850 722; baseline 0.004 -13"><span class='ocrx_word' id='word_1_57' title='bbox 81 681 125 710; x_wconf 84' lang='grc' dir='ltr'>καὶ</span> <span class='ocrx_word' id='word_1_58' title='bbox 140 684 215 721; x_wconf 77' lang='grc' dir='ltr'>ἱερεῖς</span> <span class='ocrx_word' id='word_1_59' title='bbox 226 705 233 717; x_wconf 92' lang='grc'>,</span> <span class='ocrx_word' id='word_1_60' title='bbox 257 684 301 712; x_wconf 79' lang='grc' dir='ltr'>καὶ</span> <span class='ocrx_word' id='word_1_61' title='bbox 323 686 346 712; x_wconf 82' lang='grc' dir='ltr'>οἱ</span> <span class='ocrx_word' id='word_1_62' title='bbox 369 685 420 712; x_wconf 80' lang='grc' dir='ltr'>τῶν</span> <span class='ocrx_word' id='word_1_63' title='bbox 432 685 530 712; x_wconf 78' lang='grc' dir='ltr'>λαϊκῶν</span> <span class='ocrx_word' id='word_1_64' title='bbox 543 683 590 718; x_wconf 79' lang='grc' dir='ltr'>τὴν</span> <span class='ocrx_word' id='word_1_65' title='bbox 602 683 672 717; x_wconf 79' lang='grc' dir='ltr'>τάξιν</span> <span class='ocrx_word' id='word_1_66' title='bbox 685 685 801 722; x_wconf 76' lang='grc' dir='ltr'>ἔχοντες,</span> <span class='ocrx_word' id='word_1_67' title='bbox 818 685 850 713; x_wconf 82' lang='grc' dir='ltr'>ἵν’</span> 
     </span>
     <span class='ocr_line' id='line_1_13' title="bbox 80 728 850 768; baseline 0.005 -12"><span class='ocrx_word' id='word_1_68' title='bbox 80 728 173 757; x_wconf 77' lang='grc' dir='ltr'>ἐκεῖνοι</span> <span class='ocrx_word' id='word_1_69' title='bbox 202 728 248 766; x_wconf 77' lang='grc' dir='ltr'>μὲν</span> <span class='ocrx_word' id='word_1_70' title='bbox 275 729 311 767; x_wconf 83' lang='grc' dir='ltr'>μὴ</span> <span class='ocrx_word' id='word_1_71' title='bbox 333 729 391 762; x_wconf 76' lang='grc' dir='ltr'>τοὺς</span> <span class='ocrx_word' id='word_1_72' title='bbox 406 730 580 762; x_wconf 76' lang='grc' dir='ltr'>πλουτοῦντας</span> <span class='ocrx_word' id='word_1_73' title='bbox 597 730 765 767; x_wconf 80' lang='grc' dir='ltr'>Οαυμοὶζωσι,</span> <span class='ocrx_word' id='word_1_74' title='bbox 785 730 850 768; x_wconf 73' lang='grc' dir='ltr'>μηδὲ</span> 
     </span>
    </p>
   </div>
   <div class='ocr_carea' id='block_1_3' title="bbox 81 636 834 677">
    <p class='ocr_par' dir='ltr' id='par_1_4' title="bbox 81 636 834 677">
     <span class='ocr_line' id='line_1_14' title="bbox 81 636 834 677; baseline 0.004 -13"><span class='ocrx_word' id='word_1_75' title='bbox 81 636 175 664; x_wconf 75' lang='grc' dir='ltr'>Ταῦτα</span> <span class='ocrx_word' id='word_1_76' title='bbox 195 637 239 665; x_wconf 79' lang='grc' dir='ltr'>καὶ</span> <span class='ocrx_word' id='word_1_77' title='bbox 264 637 388 676; x_wconf 70' lang='grc' dir='ltr'>ἄρχοντες</span> <span class='ocrx_word' id='word_1_78' title='bbox 411 637 622 676; x_wconf 70' lang='grc' dir='ltr'>μανθανέτωσαν,</span> <span class='ocrx_word' id='word_1_79' title='bbox 637 638 682 666; x_wconf 75' lang='grc' dir='ltr'>καὶ</span> <span class='ocrx_word' id='word_1_80' title='bbox 694 638 834 677; x_wconf 72' lang='grc' dir='ltr'>ἀρχόμενοι.</span> 
     </span>
    </p>
   </div>
   <div class='ocr_carea' id='block_1_4' title="bbox 70 773 850 1412">
    <p class='ocr_par' dir='ltr' id='par_1_5' title="bbox 70 773 850 1412">
     <span class='ocr_line' id='line_1_15' title="bbox 79 773 850 815; baseline 0.004 -13"><span class='ocrx_word' id='word_1_81' title='bbox 79 773 125 806; x_wconf 83' lang='grc' dir='ltr'>τὰς</span> <span class='ocrx_word' id='word_1_82' title='bbox 141 780 289 814; x_wconf 69' lang='grc' dir='ltr'>περιφανεῖς</span> <span class='ocrx_word' id='word_1_83' title='bbox 316 774 444 804; x_wconf 81' lang='grc' dir='ltr'>διώκωσιν</span> <span class='ocrx_word' id='word_1_84' title='bbox 472 775 570 809; x_wconf 81' lang='grc' dir='ltr'>οἰκίας,</span> <span class='ocrx_word' id='word_1_85' title='bbox 592 776 649 804; x_wconf 71' lang='grc' dir='ltr'>ἀλλ’</span> <span class='ocrx_word' id='word_1_86' title='bbox 675 775 768 815; x_wconf 71' lang='grc' dir='ltr'>ἀρετὴν</span> <span class='ocrx_word' id='word_1_87' title='bbox 783 777 850 814; x_wconf 79' lang='grc' dir='ltr'>μετὰ</span> 
     </span>
     <span class='ocr_line' id='line_1_16' title="bbox 78 820 848 862; baseline 0.004 -14"><span class='ocrx_word' id='word_1_88' title='bbox 78 820 168 852; x_wconf 81' lang='grc' dir='ltr'>πενίας</span> <span class='ocrx_word' id='word_1_89' title='bbox 193 822 304 857; x_wconf 78' lang='grc' dir='ltr'>ζητῶσι,</span> <span class='ocrx_word' id='word_1_90' title='bbox 326 821 369 850; x_wconf 73' lang='grc' dir='ltr'>καὶ</span> <span class='ocrx_word' id='word_1_91' title='bbox 393 826 446 854; x_wconf 86' lang='grc' dir='ltr'>τοῖς</span> <span class='ocrx_word' id='word_1_92' title='bbox 469 822 646 861; x_wconf 76' lang='grc' dir='ltr'>πτωχοτέροις</span> <span class='ocrx_word' id='word_1_93' title='bbox 664 824 715 850; x_wconf 78' lang='grc' dir='ltr'>τῶν</span> <span class='ocrx_word' id='word_1_94' title='bbox 732 823 848 862; x_wconf 69' lang='grc' dir='ltr'>ἀδελφῶν</span> 
     </span>
     <span class='ocr_line' id='line_1_17' title="bbox 79 865 849 905; baseline 0.004 -11"><span class='ocrx_word' id='word_1_95' title='bbox 79 865 116 903; x_wconf 80' lang='grc' dir='ltr'>μὴ</span> <span class='ocrx_word' id='word_1_96' title='bbox 138 866 364 905; x_wconf 54' lang='grc' dir='ltr'>ἐπαισχ-ύνωνται,</span> <span class='ocrx_word' id='word_1_97' title='bbox 386 867 452 905; x_wconf 80' lang='grc' dir='ltr'>μηδὲ</span> <span class='ocrx_word' id='word_1_98' title='bbox 477 867 521 895; x_wconf 87' lang='grc' dir='ltr'>τὸν</span> <span class='ocrx_word' id='word_1_99' title='bbox 542 868 713 903; x_wconf 77' lang='grc' dir='ltr'>σκηνοποιὸν,</span> <span class='ocrx_word' id='word_1_100' title='bbox 735 869 779 896; x_wconf 80' lang='grc' dir='ltr'>καὶ</span> <span class='ocrx_word' id='word_1_101' title='bbox 806 869 849 898; x_wconf 80' lang='grc' dir='ltr'>τὸν</span> 
     </span>
     <span class='ocr_line' id='line_1_18' title="bbox 78 912 849 953; baseline 0.005 -14"><span class='ocrx_word' id='word_1_102' title='bbox 78 912 249 951; x_wconf 64' lang='grc' dir='ltr'>βυρσοδέψην,</span> <span class='ocrx_word' id='word_1_103' title='bbox 263 913 307 940; x_wconf 77' lang='grc' dir='ltr'>καὶ</span> <span class='ocrx_word' id='word_1_104' title='bbox 326 913 368 941; x_wconf 79' lang='grc' dir='ltr'>τὸν</span> <span class='ocrx_word' id='word_1_105' title='bbox 392 913 586 953; x_wconf 69' lang='grc' dir='ltr'>πορφυροπιῖιλη</span> <span class='ocrx_word' id='word_1_106' title='bbox 589 925 610 947; x_wconf 83' lang='grc' dir='ltr'>ν,</span> <span class='ocrx_word' id='word_1_107' title='bbox 630 925 675 942; x_wconf 86' lang='grc' dir='ltr'>και</span> <span class='ocrx_word' id='word_1_108' title='bbox 694 914 737 942; x_wconf 83' lang='grc' dir='ltr'>τὸν</span> <span class='ocrx_word' id='word_1_109' title='bbox 752 916 849 953; x_wconf 76' lang='grc' dir='ltr'>γαλκο-</span> 
     </span>
     <span class='ocr_line' id='line_1_19' title="bbox 76 956 848 999; baseline 0.004 -14"><span class='ocrx_word' id='word_1_110' title='bbox 76 956 156 986; x_wconf 77' lang='grc' dir='ltr'>τύπον</span> <span class='ocrx_word' id='word_1_111' title='bbox 168 958 390 998; x_wconf 75' lang='grc' dir='ltr'>παρατρέγοντες,</span> <span class='ocrx_word' id='word_1_112' title='bbox 410 971 468 992; x_wconf 84' lang='grc' dir='ltr'>τους</span> <span class='ocrx_word' id='word_1_113' title='bbox 490 961 515 988; x_wconf 84' lang='grc' dir='ltr'>ἐν</span> <span class='ocrx_word' id='word_1_114' title='bbox 537 959 632 988; x_wconf 77' lang='grc' dir='ltr'>δυνασ-</span> <span class='ocrx_word' id='word_1_115' title='bbox 623 959 698 993; x_wconf 81' lang='grc' dir='ltr'>είαις</span> <span class='ocrx_word' id='word_1_116' title='bbox 718 963 745 988; x_wconf 71' lang='lat' dir='ltr'>os</span> <span class='ocrx_word' id='word_1_117' title='bbox 735 960 848 999; x_wconf 80' lang='grc' dir='ltr'>εραπεύ-</span> 
     </span>
     <span class='ocr_line' id='line_1_20' title="bbox 76 1004 845 1044; baseline 0.005 -13"><span class='ocrx_word' id='word_1_118' title='bbox 76 1015 172 1032; x_wconf 87' lang='grc' dir='ltr'>σωσιν·</span> <span class='ocrx_word' id='word_1_119' title='bbox 187 1004 240 1032; x_wconf 84' lang='grc' dir='ltr'>οἱ</span> <span class='ocrx_word' id='word_1_120' title='bbox 227 1004 252 1033; x_wconf 79' lang='grc' dir='ltr'>οὲ</span> <span class='ocrx_word' id='word_1_121' title='bbox 276 1005 431 1044; x_wconf 68' lang='grc' dir='ltr'>εἰργόμενοι,</span> <span class='ocrx_word' id='word_1_122' title='bbox 444 1005 486 1033; x_wconf 78' lang='grc' dir='ltr'>ἵνα</span> <span class='ocrx_word' id='word_1_123' title='bbox 503 1005 539 1043; x_wconf 79' lang='grc' dir='ltr'>μὴ</span> <span class='ocrx_word' id='word_1_124' title='bbox 557 1005 696 1043; x_wconf 79' lang='grc' dir='ltr'>νομίζωσιν</span> <span class='ocrx_word' id='word_1_125' title='bbox 712 1009 778 1035; x_wconf 83' lang='grc' dir='ltr'>εἰναι</span> <span class='ocrx_word' id='word_1_126' title='bbox 793 1006 845 1035; x_wconf 81' lang='grc' dir='ltr'>κώ-</span> 
     </span>
     <span class='ocr_line' id='line_1_21' title="bbox 76 1047 845 1090; baseline 0.005 -12"><span class='ocrx_word' id='word_1_127' title='bbox 76 1050 147 1087; x_wconf 85' lang='grc' dir='ltr'>λυμα</span> <span class='ocrx_word' id='word_1_128' title='bbox 161 1062 224 1089; x_wconf 85' lang='grc' dir='ltr'>προς</span> <span class='ocrx_word' id='word_1_129' title='bbox 245 1050 293 1086; x_wconf 81' lang='grc' dir='ltr'>τὴν</span> <span class='ocrx_word' id='word_1_130' title='bbox 305 1051 435 1090; x_wconf 75' lang='grc' dir='ltr'>ὑποδοχὴν</span> <span class='ocrx_word' id='word_1_131' title='bbox 450 1063 502 1079; x_wconf 75' lang='grc' dir='ltr'>των</span> <span class='ocrx_word' id='word_1_132' title='bbox 517 1051 608 1088; x_wconf 79' lang='grc' dir='ltr'>ἁγίων,</span> <span class='ocrx_word' id='word_1_133' title='bbox 623 1052 680 1080; x_wconf 81' lang='grc' dir='ltr'>ἀλ)’</span> <span class='ocrx_word' id='word_1_134' title='bbox 702 1047 845 1086; x_wconf 75' lang='grc' dir='ltr'>ἐννοοῦντες</span> 
     </span>
     <span class='ocr_line' id='line_1_22' title="bbox 76 1094 844 1137; baseline 0.007 -15"><span class='ocrx_word' id='word_1_135' title='bbox 76 1094 123 1130; x_wconf 84' lang='grc' dir='ltr'>τὴν</span> <span class='ocrx_word' id='word_1_136' title='bbox 137 1095 233 1134; x_wconf 70' lang='grc' dir='ltr'>χήραν,</span> <span class='ocrx_word' id='word_1_137' title='bbox 248 1096 264 1130; x_wconf 88' lang='grc' dir='ltr'>ἣ</span> <span class='ocrx_word' id='word_1_138' title='bbox 279 1096 321 1124; x_wconf 81' lang='grc' dir='ltr'>τὸν</span> <span class='ocrx_word' id='word_1_139' title='bbox 336 1097 432 1125; x_wconf 77' lang='grc' dir='ltr'>Ἠλίαν</span> <span class='ocrx_word' id='word_1_140' title='bbox 447 1096 589 1129; x_wconf 79' lang='grc' dir='ltr'>ὑπεδέξατο</span> <span class='ocrx_word' id='word_1_141' title='bbox 599 1119 606 1130; x_wconf 95' lang='grc'>,</span> <span class='ocrx_word' id='word_1_142' title='bbox 631 1097 715 1136; x_wconf 78' lang='grc' dir='ltr'>δράκα</span> <span class='ocrx_word' id='word_1_143' title='bbox 737 1098 844 1137; x_wconf 81' lang='grc' dir='ltr'>ἀλεύρου</span> 
     </span>
     <span class='ocr_line' id='line_1_23' title="bbox 77 1140 846 1179; baseline 0.005 -11"><span class='ocrx_word' id='word_1_144' title='bbox 77 1140 154 1176; x_wconf 79' lang='grc' dir='ltr'>μόνον</span> <span class='ocrx_word' id='word_1_145' title='bbox 169 1140 280 1179; x_wconf 59' lang='grc' dir='ltr'>ἔχουσα,</span> <span class='ocrx_word' id='word_1_146' title='bbox 295 1141 339 1169; x_wconf 79' lang='grc' dir='ltr'>καὶ</span> <span class='ocrx_word' id='word_1_147' title='bbox 352 1141 475 1177; x_wconf 81' lang='grc' dir='ltr'>τούτους,</span> <span class='ocrx_word' id='word_1_148' title='bbox 485 1142 509 1171; x_wconf 88' lang='grc' dir='ltr'>οι</span> <span class='ocrx_word' id='word_1_149' title='bbox 519 1154 562 1171; x_wconf 90' lang='grc' dir='ltr'>τον</span> <span class='ocrx_word' id='word_1_150' title='bbox 569 1143 698 1171; x_wconf 82' lang='grc' dir='ltr'>ΠαυΛον</span> <span class='ocrx_word' id='word_1_151' title='bbox 684 1143 780 1171; x_wconf 83' lang='grc' dir='ltr'>οιετίαν</span> <span class='ocrx_word' id='word_1_152' title='bbox 793 1143 846 1177; x_wconf 80' lang='grc' dir='ltr'>ἐξέ-</span> 
     </span>
     <span class='ocr_line' id='line_1_24' title="bbox 76 1186 845 1225; baseline 0.008 -13"><span class='ocrx_word' id='word_1_153' title='bbox 76 1197 159 1219; x_wconf 84' lang='grc' dir='ltr'>νισαν,</span> <span class='ocrx_word' id='word_1_154' title='bbox 170 1187 217 1218; x_wconf 79' lang='grc' dir='ltr'>τὰς</span> <span class='ocrx_word' id='word_1_155' title='bbox 231 1186 313 1219; x_wconf 84' lang='grc' dir='ltr'>οἱκιας</span> <span class='ocrx_word' id='word_1_156' title='bbox 327 1187 475 1225; x_wconf 82' lang='grc' dir='ltr'>διανοίγωσι</span> <span class='ocrx_word' id='word_1_157' title='bbox 487 1192 539 1220; x_wconf 87' lang='grc' dir='ltr'>τοῖς</span> <span class='ocrx_word' id='word_1_158' title='bbox 550 1188 693 1225; x_wconf 80' lang='grc' dir='ltr'>δεομένοις,</span> <span class='ocrx_word' id='word_1_159' title='bbox 703 1201 748 1218; x_wconf 83' lang='grc' dir='ltr'>και</span> <span class='ocrx_word' id='word_1_160' title='bbox 757 1190 845 1219; x_wconf 79' lang='grc' dir='ltr'>πάντα</span> 
     </span>
     <span class='ocr_line' id='line_1_25' title="bbox 72 1232 841 1274; baseline 0.007 -15"><span class='ocrx_word' id='word_1_161' title='bbox 72 1235 126 1264; x_wconf 88' lang='grc' dir='ltr'>τοῖς</span> <span class='ocrx_word' id='word_1_162' title='bbox 135 1226 269 1264; x_wconf 81' lang='grc' dir='ltr'>ξένοιςυσι</span> <span class='ocrx_word' id='word_1_163' title='bbox 281 1232 355 1261; x_wconf 85' lang='grc' dir='ltr'>κοινὰ</span> <span class='ocrx_word' id='word_1_164' title='bbox 366 1233 530 1271; x_wconf 82' lang='grc' dir='ltr'>κεκτημένοι,</span> <span class='ocrx_word' id='word_1_165' title='bbox 542 1233 586 1269; x_wconf 81' lang='grc' dir='ltr'>Μὴ</span> <span class='ocrx_word' id='word_1_166' title='bbox 602 1234 669 1274; x_wconf 72' lang='grc' dir='ltr'>γάρ</span> <span class='ocrx_word' id='word_1_167' title='bbox 666 1238 793 1264; x_wconf 65' lang='grc' dir='ltr'>ικοιτοῧτο</span> <span class='ocrx_word' id='word_1_168' title='bbox 804 1248 841 1264; x_wconf 89' lang='grc' dir='ltr'>ει-</span> 
     </span>
     <span class='ocr_line' id='line_1_26' title="bbox 71 1277 842 1321; baseline 0.006 -16"><span class='ocrx_word' id='word_1_169' title='bbox 71 1289 138 1315; x_wconf 83' lang='grc' dir='ltr'>πῃς,</span> <span class='ocrx_word' id='word_1_170' title='bbox 154 1277 194 1306; x_wconf 76' lang='grc' dir='ltr'>ὅτι</span> <span class='ocrx_word' id='word_1_171' title='bbox 209 1277 310 1311; x_wconf 85' lang='grc' dir='ltr'>οἱκετας</span> <span class='ocrx_word' id='word_1_172' title='bbox 325 1280 371 1307; x_wconf 76' lang='grc' dir='ltr'>οὐκ</span> <span class='ocrx_word' id='word_1_173' title='bbox 395 1278 437 1317; x_wconf 72' lang='grc' dir='ltr'>ἔχε</span> <span class='ocrx_word' id='word_1_174' title='bbox 426 1291 462 1312; x_wconf 82' lang='grc' dir='ltr'>ις</span> <span class='ocrx_word' id='word_1_175' title='bbox 477 1280 698 1317; x_wconf 79' lang='grc' dir='ltr'>διακονουμένους.</span> <span class='ocrx_word' id='word_1_176' title='bbox 721 1281 777 1309; x_wconf 77' lang='grc' dir='ltr'>Κᾶν</span> <span class='ocrx_word' id='word_1_177' title='bbox 792 1282 842 1321; x_wconf 79' lang='grc' dir='ltr'>γὰρ</span> 
     </span>
     <span class='ocr_line' id='line_1_27' title="bbox 71 1322 842 1366; baseline 0.006 -15"><span class='ocrx_word' id='word_1_178' title='bbox 71 1322 177 1361; x_wconf 82' lang='grc' dir='ltr'>μυρίους</span> <span class='ocrx_word' id='word_1_179' title='bbox 185 1323 248 1362; x_wconf 72' lang='grc' dir='ltr'>ἔχῃς</span> <span class='ocrx_word' id='word_1_180' title='bbox 257 1346 264 1359; x_wconf 84' lang='grc'>,</span> <span class='ocrx_word' id='word_1_181' title='bbox 276 1326 289 1352; x_wconf 76' lang='grc' dir='ltr'><strong>ὁ</strong></span> <span class='ocrx_word' id='word_1_182' title='bbox 304 1324 371 1356; x_wconf 82' lang='grc' dir='ltr'>Θεός</span> <span class='ocrx_word' id='word_1_183' title='bbox 388 1337 416 1353; x_wconf 86' lang='grc' dir='ltr'>σε</span> <span class='ocrx_word' id='word_1_184' title='bbox 429 1325 529 1353; x_wconf 75' lang='grc' dir='ltr'>κελεύει</span> <span class='ocrx_word' id='word_1_185' title='bbox 546 1325 588 1353; x_wconf 77' lang='grc' dir='ltr'>διὰ</span> <span class='ocrx_word' id='word_1_186' title='bbox 600 1329 695 1355; x_wconf 77' lang='grc' dir='ltr'>σαυτοῦ</span> <span class='ocrx_word' id='word_1_187' title='bbox 707 1329 754 1362; x_wconf 79' lang='grc' dir='ltr'>τῆς</span> <span class='ocrx_word' id='word_1_188' title='bbox 771 1329 842 1366; x_wconf 65' lang='grc' dir='ltr'>φιλο-</span> 
     </span>
     <span class='ocr_line' id='line_1_28' title="bbox 70 1367 841 1412; baseline 0.006 -16"><span class='ocrx_word' id='word_1_189' title='bbox 70 1367 152 1401; x_wconf 86' lang='grc' dir='ltr'>ξενίας</span> <span class='ocrx_word' id='word_1_190' title='bbox 171 1369 214 1398; x_wconf 83' lang='grc' dir='ltr'>τὸν</span> <span class='ocrx_word' id='word_1_191' title='bbox 227 1370 327 1410; x_wconf 80' lang='grc' dir='ltr'>καρπὸν</span> <span class='ocrx_word' id='word_1_192' title='bbox 339 1375 445 1410; x_wconf 74' lang='grc' dir='ltr'>τρυγᾷν.</span> <span class='ocrx_word' id='word_1_193' title='bbox 472 1370 524 1400; x_wconf 65' lang='grc' dir='ltr'>Διὰ</span> <span class='ocrx_word' id='word_1_194' title='bbox 545 1374 620 1400; x_wconf 71' lang='grc' dir='ltr'>τοῦτο</span> <span class='ocrx_word' id='word_1_195' title='bbox 635 1372 740 1404; x_wconf 75' lang='grc' dir='ltr'>Παῦλος</span> <span class='ocrx_word' id='word_1_196' title='bbox 769 1373 841 1412; x_wconf 68' lang='grc' dir='ltr'>χήρᾳ</span> 
     </span>
    </p>
   </div>
   <div class='ocr_carea' id='block_1_5' title="bbox 593 164 1060 187">
    <p class='ocr_par' dir='ltr' id='par_1_6' title="bbox 593 164 1060 187">
     <span class='ocr_line' id='line_1_29' title="bbox 593 164 1060 187; baseline 0.004 -2"><span class='ocrx_word' id='word_1_197' title='bbox 593 164 765 187; x_wconf 65' lang='grc' dir='ltr'>5-Η,[ῙῚῚῚ“1’“.</span> <span class='ocrx_word' id='word_1_198' title='bbox 794 164 989 187; x_wconf 72' lang='grc' dir='ltr'>Ι“ΠΙΞ(ΞΙΙ,Ι.ΑΜ</span> <span class='ocrx_word' id='word_1_199' title='bbox 1020 166 1060 187; x_wconf 70' lang='grc' dir='ltr'>Ι-ΣΤ</span> 
     </span>
    </p>
   </div>
   <div class='ocr_carea' id='block_1_6' title="bbox 872 596 888 617">
    <p class='ocr_par' dir='ltr' id='par_1_7' title="bbox 872 596 888 617">
     <span class='ocr_line' id='line_1_30' title="bbox 872 596 888 617; baseline 0 0"><span class='ocrx_word' id='word_1_200' title='bbox 872 596 888 617; x_wconf 83' lang='lat' dir='ltr'>B</span> 
     </span>
    </p>
   </div>
   <div class='ocr_carea' id='block_1_7' title="bbox 69 1414 870 1458">
    <p class='ocr_par' dir='ltr' id='par_1_8' title="bbox 69 1414 870 1458">
     <span class='ocr_line' id='line_1_31' title="bbox 69 1414 870 1458; baseline 0.007 -16"><span class='ocrx_word' id='word_1_201' title='bbox 69 1414 172 1452; x_wconf 78' lang='grc' dir='ltr'>γυναικὶ</span> <span class='ocrx_word' id='word_1_202' title='bbox 186 1415 376 1454; x_wconf 80' lang='grc' dir='ltr'>διαλεγόμενος,</span> <span class='ocrx_word' id='word_1_203' title='bbox 387 1416 431 1444; x_wconf 82' lang='grc' dir='ltr'>καὶ</span> <span class='ocrx_word' id='word_1_204' title='bbox 441 1416 553 1445; x_wconf 72' lang='grc' dir='ltr'>κελεύων</span> <span class='ocrx_word' id='word_1_205' title='bbox 565 1417 645 1452; x_wconf 78' lang='grc' dir='ltr'>αὐτὴν</span> <span class='ocrx_word' id='word_1_206' title='bbox 658 1417 840 1458; x_wconf 76' lang='grc' dir='ltr'>ξενοδοχεῖν,οὐ</span> <span class='ocrx_word' id='word_1_207' title='bbox 868 1442 870 1444; x_wconf 93' lang='grc'>-</span> 
     </span>
    </p>
   </div>
   <div class='ocr_carea' id='block_1_8' title="bbox 59 1459 840 2560">
    <p class='ocr_par' dir='ltr' id='par_1_9' title="bbox 59 1459 840 2553">
     <span class='ocr_line' id='line_1_32' title="bbox 69 1459 838 1499; baseline 0.009 -12"><span class='ocrx_word' id='word_1_208' title='bbox 69 1460 102 1488; x_wconf 83' lang='grc' dir='ltr'>δι’</span> <span class='ocrx_word' id='word_1_209' title='bbox 116 1459 220 1499; x_wconf 79' lang='grc' dir='ltr'>ἑτέρων,</span> <span class='ocrx_word' id='word_1_210' title='bbox 235 1461 302 1489; x_wconf 83' lang='grc' dir='ltr'>ἀλλὰ</span> <span class='ocrx_word' id='word_1_211' title='bbox 324 1462 357 1490; x_wconf 81' lang='grc' dir='ltr'>δι’</span> <span class='ocrx_word' id='word_1_212' title='bbox 373 1463 466 1497; x_wconf 73' lang='grc' dir='ltr'>ἑαυτῆς</span> <span class='ocrx_word' id='word_1_213' title='bbox 481 1474 558 1491; x_wconf 86' lang='grc' dir='ltr'>τουτο</span> <span class='ocrx_word' id='word_1_214' title='bbox 579 1463 730 1492; x_wconf 82' lang='grc' dir='ltr'>ἐπέταττεν.</span> <span class='ocrx_word' id='word_1_215' title='bbox 749 1465 838 1494; x_wconf 67' lang='lat' dir='ltr'>liin-(ov</span> 
     </span>
     <span class='ocr_line' id='line_1_33' title="bbox 69 1504 840 1548; baseline 0.009 -15"><span class='ocrx_word' id='word_1_216' title='bbox 69 1504 131 1544; x_wconf 79' lang='grc' dir='ltr'>γὰρ,</span> <span class='ocrx_word' id='word_1_217' title='bbox 150 1507 203 1534; x_wconf 82' lang='grc' dir='ltr'>Εἰ</span> <span class='ocrx_word' id='word_1_218' title='bbox 194 1506 382 1546; x_wconf 67' lang='grc' dir='ltr'>εξενοόόγησεν,</span> <span class='ocrx_word' id='word_1_219' title='bbox 395 1508 536 1547; x_wconf 73' lang='grc' dir='ltr'>ἐπηγαγεν,</span> <span class='ocrx_word' id='word_1_220' title='bbox 551 1509 611 1537; x_wconf 80' lang='lat' dir='ltr'>Ei‘</span> <span class='ocrx_word' id='word_1_221' title='bbox 599 1509 679 1548; x_wconf 86' lang='grc' dir='ltr'>αγίων</span> <span class='ocrx_word' id='word_1_222' title='bbox 691 1510 772 1544; x_wconf 70' lang='grc' dir='ltr'>πόδας</span> <span class='ocrx_word' id='word_1_223' title='bbox 787 1511 840 1540; x_wconf 82' lang='grc' dir='ltr'>ἔνι-</span> 
     </span>
     <span class='ocr_line' id='line_1_34' title="bbox 69 1552 840 1592; baseline 0.009 -13.027"><span class='ocrx_word' id='word_1_224' title='bbox 69 1552 124 1589; x_wconf 79' lang='grc' dir='ltr'>ψεν.</span> <span class='ocrx_word' id='word_1_225' title='bbox 141 1553 198 1581; x_wconf 84' lang='grc' dir='ltr'>Οὐκ</span> <span class='ocrx_word' id='word_1_226' title='bbox 209 1555 289 1587; x_wconf 78' lang='grc' dir='ltr'>εἶπεν,</span> <span class='ocrx_word' id='word_1_227' title='bbox 305 1555 328 1581; x_wconf 88' lang='grc' dir='ltr'>εἷ</span> <span class='ocrx_word' id='word_1_228' title='bbox 339 1553 465 1592; x_wconf 79' lang='grc' dir='ltr'>χρήματα</span> <span class='ocrx_word' id='word_1_229' title='bbox 478 1554 651 1591; x_wconf 79' lang='grc' dir='ltr'>ἐδαπάνησεν,</span> <span class='ocrx_word' id='word_1_230' title='bbox 668 1556 736 1590; x_wconf 77' lang='grc' dir='ltr'>ουδὲ,</span> <span class='ocrx_word' id='word_1_231' title='bbox 751 1558 772 1585; x_wconf 88' lang='grc' dir='ltr'>εἷ</span> <span class='ocrx_word' id='word_1_232' title='bbox 787 1562 840 1590; x_wconf 87' lang='grc' dir='ltr'>τοῖς</span> 
     </span>
     <span class='ocr_line' id='line_1_35' title="bbox 68 1595 840 1638; baseline 0.01 -14"><span class='ocrx_word' id='word_1_233' title='bbox 68 1595 180 1629; x_wconf 81' lang='grc' dir='ltr'>οἰκέταις</span> <span class='ocrx_word' id='word_1_234' title='bbox 203 1597 322 1627; x_wconf 68' lang='grc' dir='ltr'>ἐκέλευσε</span> <span class='ocrx_word' id='word_1_235' title='bbox 339 1610 414 1627; x_wconf 85' lang='grc' dir='ltr'>τουτο</span> <span class='ocrx_word' id='word_1_236' title='bbox 429 1601 555 1635; x_wconf 77' lang='grc' dir='ltr'>ποιῆσαι,</span> <span class='ocrx_word' id='word_1_237' title='bbox 572 1601 642 1636; x_wconf 84' lang='grc' dir='ltr'>ἀλλ’,</span> <span class='ocrx_word' id='word_1_238' title='bbox 657 1602 679 1629; x_wconf 87' lang='grc' dir='ltr'>εἰ</span> <span class='ocrx_word' id='word_1_239' title='bbox 694 1603 727 1630; x_wconf 79' lang='grc' dir='ltr'>δι’</span> <span class='ocrx_word' id='word_1_240' title='bbox 745 1604 840 1638; x_wconf 82' lang='grc' dir='ltr'>ἑαυτης</span> 
     </span>
     <span class='ocr_line' id='line_1_36' title="bbox 67 1643 839 1687; baseline 0.01 -17"><span class='ocrx_word' id='word_1_241' title='bbox 67 1645 142 1671; x_wconf 76' lang='grc' dir='ltr'>τοῦτο</span> <span class='ocrx_word' id='word_1_242' title='bbox 158 1643 306 1683; x_wconf 77' lang='grc' dir='ltr'>εἰργάσατο.</span> <span class='ocrx_word' id='word_1_243' title='bbox 328 1644 380 1674; x_wconf 72' lang='grc' dir='ltr'>Διὰ</span> <span class='ocrx_word' id='word_1_244' title='bbox 396 1648 471 1674; x_wconf 71' lang='grc' dir='ltr'>τοῦτο</span> <span class='ocrx_word' id='word_1_245' title='bbox 497 1646 541 1674; x_wconf 77' lang='grc' dir='ltr'>καὶ</span> <span class='ocrx_word' id='word_1_246' title='bbox 554 1649 567 1675; x_wconf 80' lang='grc' dir='ltr'>ὁ</span> <span class='ocrx_word' id='word_1_247' title='bbox 584 1646 707 1686; x_wconf 67' lang='grc' dir='ltr'>Ἀῧραὰμῖ</span> <span class='ocrx_word' id='word_1_248' title='bbox 728 1661 839 1687; x_wconf 84' lang='grc' dir='ltr'>τριακο-</span> 
     </span>
     <span class='ocr_line' id='line_1_37' title="bbox 67 1687 839 1731; baseline 0.01 -15"><span class='ocrx_word' id='word_1_249' title='bbox 67 1687 137 1720; x_wconf 81' lang='grc' dir='ltr'>σίους</span> <span class='ocrx_word' id='word_1_250' title='bbox 151 1689 220 1717; x_wconf 82' lang='grc' dir='ltr'>ὀκτὼ</span> <span class='ocrx_word' id='word_1_251' title='bbox 241 1689 287 1718; x_wconf 76' lang='grc' dir='ltr'>καὶ</span> <span class='ocrx_word' id='word_1_252' title='bbox 312 1690 375 1720; x_wconf 81' lang='grc' dir='ltr'>δέκα</span> <span class='ocrx_word' id='word_1_253' title='bbox 396 1693 532 1730; x_wconf 80' lang='grc' dir='ltr'>οἰκογενεῖς</span> <span class='ocrx_word' id='word_1_254' title='bbox 547 1692 623 1731; x_wconf 74' lang='grc' dir='ltr'>ἔχων,</span> <span class='ocrx_word' id='word_1_255' title='bbox 639 1694 713 1727; x_wconf 79' lang='grc' dir='ltr'>αὐτὸς</span> <span class='ocrx_word' id='word_1_256' title='bbox 726 1694 769 1723; x_wconf 79' lang='grc' dir='ltr'>ἐπὶ</span> <span class='ocrx_word' id='word_1_257' title='bbox 792 1695 839 1731; x_wconf 78' lang='grc' dir='ltr'>τὴν</span> 
     </span>
     <span class='ocr_line' id='line_1_38' title="bbox 67 1733 840 1776; baseline 0.012 -15"><span class='ocrx_word' id='word_1_258' title='bbox 67 1733 162 1772; x_wconf 81' lang='grc' dir='ltr'>ἀγέλην</span> <span class='ocrx_word' id='word_1_259' title='bbox 184 1734 290 1774; x_wconf 80' lang='grc' dir='ltr'>ἔτρεχε,</span> <span class='ocrx_word' id='word_1_260' title='bbox 311 1736 356 1764; x_wconf 82' lang='grc' dir='ltr'>καὶ</span> <span class='ocrx_word' id='word_1_261' title='bbox 377 1737 421 1765; x_wconf 78' lang='grc' dir='ltr'>τὸν</span> <span class='ocrx_word' id='word_1_262' title='bbox 448 1737 546 1776; x_wconf 68' lang='grc' dir='ltr'>μόσχον</span> <span class='ocrx_word' id='word_1_263' title='bbox 568 1737 714 1774; x_wconf 70' lang='grc' dir='ltr'>ε’ὅάσταζε,</span> <span class='ocrx_word' id='word_1_264' title='bbox 736 1741 781 1769; x_wconf 86' lang='grc' dir='ltr'>καὶ</span> <span class='ocrx_word' id='word_1_265' title='bbox 808 1740 840 1770; x_wconf 82' lang='grc' dir='ltr'>τὰ</span> 
     </span>
     <span class='ocr_line' id='line_1_39' title="bbox 66 1780 839 1822; baseline 0.01 -14"><span class='ocrx_word' id='word_1_266' title='bbox 66 1780 134 1809; x_wconf 80' lang='grc' dir='ltr'>ἄλλοι</span> <span class='ocrx_word' id='word_1_267' title='bbox 153 1781 257 1810; x_wconf 83' lang='grc' dir='ltr'>ἅπαντα</span> <span class='ocrx_word' id='word_1_268' title='bbox 284 1782 417 1820; x_wconf 87' lang='grc' dir='ltr'>διηκόνει,</span> <span class='ocrx_word' id='word_1_269' title='bbox 439 1783 484 1812; x_wconf 81' lang='grc' dir='ltr'>καὶ</span> <span class='ocrx_word' id='word_1_270' title='bbox 504 1783 551 1820; x_wconf 77' lang='grc' dir='ltr'>τὴν</span> <span class='ocrx_word' id='word_1_271' title='bbox 578 1789 691 1822; x_wconf 84' lang='grc' dir='ltr'>γυναῖκα</span> <span class='ocrx_word' id='word_1_272' title='bbox 718 1787 839 1816; x_wconf 85' lang='grc' dir='ltr'>κοινωνὸν</span> 
     </span>
     <span class='ocr_line' id='line_1_40' title="bbox 64 1825 839 1867; baseline 0.012 -13"><span class='ocrx_word' id='word_1_273' title='bbox 64 1825 147 1854; x_wconf 83' lang='grc' dir='ltr'>ἐποίει</span> <span class='ocrx_word' id='word_1_274' title='bbox 159 1828 211 1855; x_wconf 82' lang='grc' dir='ltr'>τῶν</span> <span class='ocrx_word' id='word_1_275' title='bbox 228 1829 275 1862; x_wconf 80' lang='grc' dir='ltr'>τ’ῆς</span> <span class='ocrx_word' id='word_1_276' title='bbox 289 1827 434 1866; x_wconf 79' lang='grc' dir='ltr'>φιλοξενίας</span> <span class='ocrx_word' id='word_1_277' title='bbox 447 1831 566 1867; x_wconf 81' lang='grc' dir='ltr'>καρπῶν.</span> <span class='ocrx_word' id='word_1_278' title='bbox 588 1830 639 1859; x_wconf 80' lang='grc' dir='ltr'>Διὰ</span> <span class='ocrx_word' id='word_1_279' title='bbox 663 1835 739 1861; x_wconf 74' lang='grc' dir='ltr'>τοῦτο</span> <span class='ocrx_word' id='word_1_280' title='bbox 760 1834 805 1862; x_wconf 84' lang='grc' dir='ltr'>καὶ</span> <span class='ocrx_word' id='word_1_281' title='bbox 825 1835 839 1862; x_wconf 84' lang='grc' dir='ltr'>ὁ</span> 
     </span>
     <span class='ocr_line' id='line_1_41' title="bbox 65 1871 838 1916; baseline 0.012 -17"><span class='ocrx_word' id='word_1_282' title='bbox 65 1871 160 1910; x_wconf 78' lang='grc' dir='ltr'>Κύριος</span> <span class='ocrx_word' id='word_1_283' title='bbox 170 1875 246 1910; x_wconf 79' lang='grc' dir='ltr'>ἡμῶν</span> <span class='ocrx_word' id='word_1_284' title='bbox 259 1873 360 1909; x_wconf 82' lang='grc' dir='ltr'>Ἰησους</span> <span class='ocrx_word' id='word_1_285' title='bbox 378 1875 493 1914; x_wconf 80' lang='grc' dir='ltr'>Χριστος</span> <span class='ocrx_word' id='word_1_286' title='bbox 504 1888 550 1904; x_wconf 88' lang='grc' dir='ltr'>και</span> <span class='ocrx_word' id='word_1_287' title='bbox 566 1889 591 1905; x_wconf 89' lang='grc' dir='ltr'>εν</span> <span class='ocrx_word' id='word_1_288' title='bbox 605 1877 689 1916; x_wconf 77' lang='grc' dir='ltr'>φάτνῃ</span> <span class='ocrx_word' id='word_1_289' title='bbox 707 1878 838 1915; x_wconf 86' lang='grc' dir='ltr'>τίκτεται,</span> 
     </span>
     <span class='ocr_line' id='line_1_42' title="bbox 64 1918 838 1965; baseline 0.01 -20"><span class='ocrx_word' id='word_1_290' title='bbox 64 1928 109 1965; x_wconf 56' lang='lat' dir='ltr'>&#39;‘ff&#39;&#39;</span> <span class='ocrx_word' id='word_1_291' title='bbox 128 1919 154 1946; x_wconf 84' lang='grc' dir='ltr'>ἐν</span> <span class='ocrx_word' id='word_1_292' title='bbox 169 1918 239 1948; x_wconf 86' lang='grc' dir='ltr'>οἰκία</span> <span class='ocrx_word' id='word_1_293' title='bbox 261 1920 412 1958; x_wconf 82' lang='grc' dir='ltr'>τικτόμενος</span> <span class='ocrx_word' id='word_1_294' title='bbox 431 1921 569 1960; x_wconf 74' lang='grc' dir='ltr'>τρέφεται,</span> <span class='ocrx_word' id='word_1_295' title='bbox 584 1934 628 1951; x_wconf 85' lang='grc' dir='ltr'>και</span> <span class='ocrx_word' id='word_1_296' title='bbox 651 1923 751 1959; x_wconf 81' lang='grc' dir='ltr'>αὐξηΟε</span> <span class='ocrx_word' id='word_1_297' title='bbox 748 1937 768 1957; x_wconf 87' lang='grc' dir='ltr'>ις</span> <span class='ocrx_word' id='word_1_298' title='bbox 791 1926 838 1954; x_wconf 80' lang='grc' dir='ltr'>οὐκ</span> 
     </span>
     <span class='ocr_line' id='line_1_43' title="bbox 65 1965 837 2010; baseline 0.012 -19"><span class='ocrx_word' id='word_1_299' title='bbox 65 1967 119 2002; x_wconf 83' lang='grc' dir='ltr'>εἶχε</span> <span class='ocrx_word' id='word_1_300' title='bbox 137 1968 186 1993; x_wconf 73' lang='grc' dir='ltr'>ποῦ</span> <span class='ocrx_word' id='word_1_301' title='bbox 208 1965 256 2000; x_wconf 79' lang='grc' dir='ltr'>τὴν</span> <span class='ocrx_word' id='word_1_302' title='bbox 271 1966 387 2005; x_wconf 72' lang='grc' dir='ltr'>κεφαλὴν</span> <span class='ocrx_word' id='word_1_303' title='bbox 408 1967 502 2005; x_wconf 83' lang='grc' dir='ltr'>κλίνῃ,</span> <span class='ocrx_word' id='word_1_304' title='bbox 524 1967 566 1996; x_wconf 86' lang='grc' dir='ltr'>ι’να</span> <span class='ocrx_word' id='word_1_305' title='bbox 592 1980 620 1997; x_wconf 87' lang='grc' dir='ltr'>σε</span> <span class='ocrx_word' id='word_1_306' title='bbox 641 1970 769 2010; x_wconf 76' lang='grc' dir='ltr'>παιδεύσῃ</span> <span class='ocrx_word' id='word_1_307' title='bbox 795 1972 837 2000; x_wconf 84' lang='grc' dir='ltr'>διὰ</span> 
     </span>
     <span class='ocr_line' id='line_1_44' title="bbox 63 2009 836 2054; baseline 0.009 -17"><span class='ocrx_word' id='word_1_308' title='bbox 63 2009 168 2038; x_wconf 80' lang='grc' dir='ltr'>πάντων</span> <span class='ocrx_word' id='word_1_309' title='bbox 182 2010 218 2047; x_wconf 83' lang='grc' dir='ltr'>μὴ</span> <span class='ocrx_word' id='word_1_310' title='bbox 233 2011 298 2049; x_wconf 83' lang='grc' dir='ltr'>πρὸς</span> <span class='ocrx_word' id='word_1_311' title='bbox 311 2011 345 2040; x_wconf 85' lang='grc' dir='ltr'>τὰ</span> <span class='ocrx_word' id='word_1_312' title='bbox 356 2012 468 2050; x_wconf 82' lang='grc' dir='ltr'>λαμπρα</span> <span class='ocrx_word' id='word_1_313' title='bbox 483 2017 527 2041; x_wconf 76' lang='grc' dir='ltr'>τοῦ</span> <span class='ocrx_word' id='word_1_314' title='bbox 549 2014 604 2052; x_wconf 87' lang='grc' dir='ltr'>βιου</span> <span class='ocrx_word' id='word_1_315' title='bbox 619 2014 710 2043; x_wconf 83' lang='grc' dir='ltr'>τούτου</span> <span class='ocrx_word' id='word_1_316' title='bbox 724 2016 836 2054; x_wconf 82' lang='grc' dir='ltr'>κεχηνέ-</span> 
     </span>
     <span class='ocr_line' id='line_1_45' title="bbox 63 2055 835 2100; baseline 0.009 -18"><span class='ocrx_word' id='word_1_317' title='bbox 63 2066 106 2082; x_wconf 87' lang='grc' dir='ltr'>ναι</span> <span class='ocrx_word' id='word_1_318' title='bbox 117 2055 271 2094; x_wconf 76' lang='grc' dir='ltr'>πράγματα,</span> <span class='ocrx_word' id='word_1_319' title='bbox 282 2057 340 2085; x_wconf 83' lang='grc' dir='ltr'>ἀλλ</span> <span class='ocrx_word' id='word_1_320' title='bbox 349 2057 477 2089; x_wconf 78' lang='grc' dir='ltr'>εὐτελείας</span> <span class='ocrx_word' id='word_1_321' title='bbox 492 2061 577 2087; x_wconf 67' lang='grc' dir='ltr'>εἰναιε</span> <span class='ocrx_word' id='word_1_322' title='bbox 567 2059 678 2099; x_wconf 75' lang='grc' dir='ltr'>ἐραστὴν</span> <span class='ocrx_word' id='word_1_323' title='bbox 689 2072 835 2100; x_wconf 83' lang='grc' dir='ltr'>πανταχου,</span> 
     </span>
     <span class='ocr_line' id='line_1_46' title="bbox 63 2101 836 2144; baseline 0.009 -17"><span class='ocrx_word' id='word_1_324' title='bbox 63 2111 108 2128; x_wconf 87' lang='grc' dir='ltr'>και</span> <span class='ocrx_word' id='word_1_325' title='bbox 127 2101 261 2139; x_wconf 73' lang='grc' dir='ltr'>πτωγείαν</span> <span class='ocrx_word' id='word_1_326' title='bbox 286 2102 402 2137; x_wconf 82' lang='grc' dir='ltr'>διώκειν,</span> <span class='ocrx_word' id='word_1_327' title='bbox 419 2103 464 2132; x_wconf 86' lang='grc' dir='ltr'>καὶ</span> <span class='ocrx_word' id='word_1_328' title='bbox 487 2115 636 2143; x_wconf 87' lang='grc' dir='ltr'>περιουσιαν</span> <span class='ocrx_word' id='word_1_329' title='bbox 660 2105 778 2144; x_wconf 79' lang='grc' dir='ltr'>φεύγειν,</span> <span class='ocrx_word' id='word_1_330' title='bbox 792 2107 836 2134; x_wconf 86' lang='grc' dir='ltr'>καὶ</span> 
     </span>
     <span class='ocr_line' id='line_1_47' title="bbox 62 2145 835 2190; baseline 0.009 -17"><span class='ocrx_word' id='word_1_331' title='bbox 62 2145 156 2174; x_wconf 78' lang='grc' dir='ltr'>ἔσωθεν</span> <span class='ocrx_word' id='word_1_332' title='bbox 169 2147 389 2180; x_wconf 77' lang='grc' dir='ltr'>καλλωπίζεσθαι.</span> <span class='ocrx_word' id='word_1_333' title='bbox 408 2149 488 2177; x_wconf 78' lang='grc' dir='ltr'>Πᾶσα</span> <span class='ocrx_word' id='word_1_334' title='bbox 508 2149 558 2188; x_wconf 77' lang='grc' dir='ltr'>γὰρ</span> <span class='ocrx_word' id='word_1_335' title='bbox 572 2151 588 2183; x_wconf 84' lang='grc' dir='ltr'>ἡ</span> <span class='ocrx_word' id='word_1_336' title='bbox 612 2149 672 2182; x_wconf 77' lang='grc' dir='ltr'>δόξα</span> <span class='ocrx_word' id='word_1_337' title='bbox 687 2152 733 2184; x_wconf 68' lang='grc' dir='ltr'>τῆς</span> <span class='ocrx_word' id='word_1_338' title='bbox 758 2154 835 2190; x_wconf 74' lang='grc' dir='ltr'>Θυγα-</span> 
     </span>
     <span class='ocr_line' id='line_1_48' title="bbox 62 2190 834 2237; baseline 0.01 -19"><span class='ocrx_word' id='word_1_339' title='bbox 62 2190 122 2229; x_wconf 82' lang='grc' dir='ltr'>τρὸς</span> <span class='ocrx_word' id='word_1_340' title='bbox 140 2194 184 2220; x_wconf 78' lang='grc' dir='ltr'>τοῦ</span> <span class='ocrx_word' id='word_1_341' title='bbox 201 2192 346 2230; x_wconf 79' lang='grc' dir='ltr'>βασιλέως,</span> <span class='ocrx_word' id='word_1_342' title='bbox 364 2194 453 2232; x_wconf 74' lang='grc' dir='ltr'>φησὶν,</span> <span class='ocrx_word' id='word_1_343' title='bbox 465 2194 570 2223; x_wconf 78' lang='grc' dir='ltr'>ἔσωθεν.</span> <span class='ocrx_word' id='word_1_344' title='bbox 586 2194 651 2223; x_wconf 80' lang='grc' dir='ltr'>Ἐὰν</span> <span class='ocrx_word' id='word_1_345' title='bbox 663 2195 726 2234; x_wconf 73' lang='grc' dir='ltr'>ἔχῃς</span> <span class='ocrx_word' id='word_1_346' title='bbox 743 2197 834 2237; x_wconf 85' lang='grc' dir='ltr'>προαί-</span> 
     </span>
     <span class='ocr_line' id='line_1_49' title="bbox 64 2237 831 2280; baseline 0.009 -16"><span class='ocrx_word' id='word_1_347' title='bbox 64 2247 132 2275; x_wconf 87' lang='grc' dir='ltr'>ρεσιν</span> <span class='ocrx_word' id='word_1_348' title='bbox 154 2237 300 2276; x_wconf 76' lang='grc' dir='ltr'>φιλόξενον,</span> <span class='ocrx_word' id='word_1_349' title='bbox 326 2239 430 2268; x_wconf 84' lang='grc' dir='ltr'>ἅπασαν</span> <span class='ocrx_word' id='word_1_350' title='bbox 456 2241 504 2274; x_wconf 84' lang='grc' dir='ltr'>τ’ῆς</span> <span class='ocrx_word' id='word_1_351' title='bbox 528 2239 672 2279; x_wconf 75' lang='grc' dir='ltr'>φιλοξενίας</span> <span class='ocrx_word' id='word_1_352' title='bbox 696 2254 740 2280; x_wconf 68' lang='grc' dir='ltr'>εγε</span> <span class='ocrx_word' id='word_1_353' title='bbox 744 2254 764 2274; x_wconf 86' lang='grc' dir='ltr'>ις</span> <span class='ocrx_word' id='word_1_354' title='bbox 784 2242 831 2278; x_wconf 77' lang='grc' dir='ltr'>τὴν</span> 
     </span>
     <span class='ocr_line' id='line_1_50' title="bbox 62 2281 832 2326; baseline 0.008 -15"><span class='ocrx_word' id='word_1_355' title='bbox 62 2282 153 2319; x_wconf 81' lang='grc' dir='ltr'>Θήκην,</span> <span class='ocrx_word' id='word_1_356' title='bbox 169 2283 217 2312; x_wconf 80' lang='grc' dir='ltr'>κᾶν</span> <span class='ocrx_word' id='word_1_357' title='bbox 229 2281 347 2314; x_wconf 55' lang='lat' dir='ltr'>&amp;comm</span> <span class='ocrx_word' id='word_1_358' title='bbox 330 2297 361 2320; x_wconf 84' lang='grc' dir='ltr'>τς</span> <span class='ocrx_word' id='word_1_359' title='bbox 378 2286 554 2324; x_wconf 79' lang='grc' dir='ltr'>κεκτημένος</span> <span class='ocrx_word' id='word_1_360' title='bbox 551 2286 641 2315; x_wconf 67' lang='grc' dir='ltr'>μόνον·</span> <span class='ocrx_word' id='word_1_361' title='bbox 657 2287 686 2315; x_wconf 82' lang='grc' dir='ltr'>ἂν</span> <span class='ocrx_word' id='word_1_362' title='bbox 700 2288 726 2317; x_wconf 80' lang='grc' dir='ltr'>δὲ</span> <span class='ocrx_word' id='word_1_363' title='bbox 741 2288 832 2326; x_wconf 73' lang='grc' dir='ltr'>μισάν-</span> 
     </span>
     <span class='ocr_line' id='line_1_51' title="bbox 61 2330 830 2373; baseline 0.009 -17"><span class='ocrx_word' id='word_1_364' title='bbox 61 2330 186 2368; x_wconf 84' lang='grc' dir='ltr'>θρωπος</span> <span class='ocrx_word' id='word_1_365' title='bbox 173 2341 204 2368; x_wconf 79' lang='grc' dir='ltr'>ης</span> <span class='ocrx_word' id='word_1_366' title='bbox 221 2341 265 2358; x_wconf 85' lang='grc' dir='ltr'>και</span> <span class='ocrx_word' id='word_1_367' title='bbox 287 2330 417 2368; x_wconf 80' lang='grc' dir='ltr'>μισόξενος</span> <span class='ocrx_word' id='word_1_368' title='bbox 428 2354 435 2367; x_wconf 83' lang='grc'>,</span> <span class='ocrx_word' id='word_1_369' title='bbox 448 2331 495 2360; x_wconf 86' lang='grc' dir='ltr'>κᾶν</span> <span class='ocrx_word' id='word_1_370' title='bbox 516 2331 549 2360; x_wconf 86' lang='grc' dir='ltr'>τὰ</span> <span class='ocrx_word' id='word_1_371' title='bbox 564 2332 651 2361; x_wconf 73' lang='grc' dir='ltr'>πάντα</span> <span class='ocrx_word' id='word_1_372' title='bbox 673 2336 704 2371; x_wconf 75' lang='grc' dir='ltr'>ᾗς</span> <span class='ocrx_word' id='word_1_373' title='bbox 726 2335 830 2373; x_wconf 63' lang='grc' dir='ltr'>περιθε-</span> 
     </span>
     <span class='ocr_line' id='line_1_52' title="bbox 61 2373 831 2416; baseline 0.009 -15"><span class='ocrx_word' id='word_1_374' title='bbox 61 2373 148 2411; x_wconf 53' lang='grc' dir='ltr'>6λη,’</span> <span class='ocrx_word' id='word_1_375' title='bbox 136 2385 190 2406; x_wconf 87' lang='grc' dir='ltr'>ενος</span> <span class='ocrx_word' id='word_1_376' title='bbox 208 2375 366 2413; x_wconf 83' lang='grc' dir='ltr'>πράγματα,</span> <span class='ocrx_word' id='word_1_377' title='bbox 381 2376 591 2416; x_wconf 73' lang='grc' dir='ltr'>ἐστενογώρηταί</span> <span class='ocrx_word' id='word_1_378' title='bbox 615 2390 655 2406; x_wconf 84' lang='grc' dir='ltr'>σοι</span> <span class='ocrx_word' id='word_1_379' title='bbox 674 2382 728 2411; x_wconf 86' lang='grc' dir='ltr'>τοῖς</span> <span class='ocrx_word' id='word_1_380' title='bbox 752 2378 831 2412; x_wconf 84' lang='grc' dir='ltr'>ξένοις</span> 
     </span>
     <span class='ocr_line' id='line_1_53' title="bbox 59 2419 830 2480; baseline 0.007 -33"><span class='ocrx_word' id='word_1_381' title='bbox 59 2420 85 2465; x_wconf 38' lang='lat' dir='ltr'>‘fin</span> <span class='ocrx_word' id='word_1_382' title='bbox 97 2419 174 2448; x_wconf 82' lang='grc' dir='ltr'>οἷκία.</span> <span class='ocrx_word' id='word_1_383' title='bbox 190 2421 248 2449; x_wconf 82' lang='grc' dir='ltr'>Οὐκ</span> <span class='ocrx_word' id='word_1_384' title='bbox 264 2424 333 2459; x_wconf 80' lang='grc' dir='ltr'>εἶχεν</span> <span class='ocrx_word' id='word_1_385' title='bbox 345 2421 409 2456; x_wconf 76' lang='grc' dir='ltr'>αὕτη</span> <span class='ocrx_word' id='word_1_386' title='bbox 429 2421 519 2455; x_wconf 83' lang='grc' dir='ltr'>κλίνας</span> <span class='ocrx_word' id='word_1_387' title='bbox 526 2423 757 2480; x_wconf 46' lang='grc' dir='ltr'>Νᾶργυρενοέτους,</span> <span class='ocrx_word' id='word_1_388' title='bbox 771 2425 830 2453; x_wconf 82' lang='grc' dir='ltr'>ἀλλ</span> 
     </span>
     <span class='ocr_line' id='line_1_54' title="bbox 61 2466 830 2507; baseline 0.008 -15"><span class='ocrx_word' id='word_1_389' title='bbox 61 2466 115 2502; x_wconf 80' lang='grc' dir='ltr'>εἶχε</span> <span class='ocrx_word' id='word_1_390' title='bbox 131 2476 300 2504; x_wconf 81' lang='grc' dir='ltr'>σωφροσυνην</span> <span class='ocrx_word' id='word_1_391' title='bbox 323 2467 438 2502; x_wconf 80' lang='grc' dir='ltr'>πολλην·</span> <span class='ocrx_word' id='word_1_392' title='bbox 452 2468 498 2496; x_wconf 85' lang='grc' dir='ltr'>οὐκ</span> <span class='ocrx_word' id='word_1_393' title='bbox 517 2471 571 2507; x_wconf 77' lang='grc' dir='ltr'>εῐγε</span> <span class='ocrx_word' id='word_1_394' title='bbox 591 2469 740 2507; x_wconf 77' lang='grc' dir='ltr'>στρωμνὴν,</span> <span class='ocrx_word' id='word_1_395' title='bbox 762 2470 830 2499; x_wconf 81' lang='grc' dir='ltr'>ἀλλὰ</span> 
     </span>
     <span class='ocr_line' id='line_1_55' title="bbox 60 2511 830 2560; baseline 0.01 -23"><span class='ocrx_word' id='word_1_396' title='bbox 60 2520 211 2555; x_wconf 87' lang='grc' dir='ltr'>προαιρεσιν</span> <span class='ocrx_word' id='word_1_397' title='bbox 235 2511 360 2547; x_wconf 80' lang='grc' dir='ltr'>ἐκέκτητο</span> <span class='ocrx_word' id='word_1_398' title='bbox 385 2515 503 2552; x_wconf 72' lang='grc' dir='ltr'>προσηνῆ</span> <span class='ocrx_word' id='word_1_399' title='bbox 538 2513 582 2541; x_wconf 83' lang='grc' dir='ltr'>καὶ</span> <span class='ocrx_word' id='word_1_400' title='bbox 595 2514 760 2560; x_wconf 39' lang='grc' dir='ltr'>..φιλόξενον</span> <span class='ocrx_word' id='word_1_401' title='bbox 784 2517 830 2545; x_wconf 85' lang='grc' dir='ltr'>οὐκ</span> 
     </span>
    </p>
   </div>
   <div class='ocr_carea' id='block_1_9' title="bbox 841 2542 875 2561">
    <p class='ocr_par' dir='ltr' id='par_1_10' title="bbox 841 2542 875 2561">
     <span class='ocr_line' id='line_1_56' title="bbox 841 2542 875 2561; baseline 0 0"><span class='ocrx_word' id='word_1_402' title='bbox 841 2542 875 2561; x_wconf 77' lang='grc'>175</span> 
     </span>
    </p>
   </div>
   <div class='ocr_carea' id='block_1_10' title="bbox 1088 164 1624 196">
    <p class='ocr_par' dir='ltr' id='par_1_11' title="bbox 1088 164 1624 196">
     <span class='ocr_line' id='line_1_57' title="bbox 1088 164 1624 196; baseline 0.013 -9.093"><span class='ocrx_word' id='word_1_403' title='bbox 1088 166 1187 196; x_wconf 66' lang='lat' dir='ltr'>..torti</span> <span class='ocrx_word' id='word_1_404' title='bbox 1198 167 1253 189; x_wconf 63' lang='lat' dir='ltr'>tu.</span> <span class='ocrx_word' id='word_1_405' title='bbox 1285 169 1305 190; x_wconf 92' lang='grc' dir='ltr'>ι.</span> <span class='ocrx_word' id='word_1_406' title='bbox 1559 164 1624 196; x_wconf 62' lang='grc' dir='ltr'>ἰιῗ</span> 
     </span>
    </p>
   </div>
   <div class='ocr_carea' id='block_1_11' title="bbox 907 227 1627 407">
    <p class='ocr_par' dir='ltr' id='par_1_12' title="bbox 909 227 1626 310">
     <span class='ocr_line' id='line_1_58' title="bbox 910 227 1626 271; baseline 0.017 -18"><span class='ocrx_word' id='word_1_407' title='bbox 910 227 1002 264; x_wconf 83' lang='lat' dir='ltr'>Neque</span> <span class='ocrx_word' id='word_1_408' title='bbox 1029 227 1110 263; x_wconf 83' lang='lat' dir='ltr'>enim,</span> <span class='ocrx_word' id='word_1_409' title='bbox 1121 229 1142 256; x_wconf 74' lang='lat' dir='ltr'>si</span> <span class='ocrx_word' id='word_1_410' title='bbox 1173 228 1222 257; x_wconf 70' lang='lat' dir='ltr'>hot</span> <span class='ocrx_word' id='word_1_411' title='bbox 1239 230 1406 268; x_wconf 81' lang='lat' dir='ltr'>prohibitum</span> <span class='ocrx_word' id='word_1_412' title='bbox 1432 233 1534 271; x_wconf 69' lang='lat' dir='ltr'>suisset,</span> <span class='ocrx_word' id='word_1_413' title='bbox 1559 236 1626 265; x_wconf 88' lang='lat' dir='ltr'>hanc</span> 
     </span>
     <span class='ocr_line' id='line_1_59' title="bbox 909 270 1387 310; baseline 0.013 -13"><span class='ocrx_word' id='word_1_414' title='bbox 909 281 967 308; x_wconf 76' lang='lat' dir='ltr'>quae</span> <span class='ocrx_word' id='word_1_415' title='bbox 983 270 1008 298; x_wconf 86' lang='lat' dir='ltr'>id</span> <span class='ocrx_word' id='word_1_416' title='bbox 1029 271 1186 310; x_wconf 62' lang='lat' dir='ltr'>praestiterat</span> <span class='ocrx_word' id='word_1_417' title='bbox 1202 274 1387 303; x_wconf 72' lang='lat' dir='ltr'>collaudasset.</span> 
     </span>
    </p>

    <p class='ocr_par' dir='ltr' id='par_1_13' title="bbox 907 316 1627 407">
     <span class='ocr_line' id='line_1_60' title="bbox 949 316 1625 353; baseline 0.015 -10"><span class='ocrx_word' id='word_1_418' title='bbox 949 317 974 344; x_wconf 65' lang='lat'>4.</span> <span class='ocrx_word' id='word_1_419' title='bbox 993 316 1109 345; x_wconf 76' lang='lat' dir='ltr'>Audiant</span> <span class='ocrx_word' id='word_1_420' title='bbox 1135 317 1196 353; x_wconf 76' lang='lat' dir='ltr'>viri,</span> <span class='ocrx_word' id='word_1_421' title='bbox 1217 318 1327 348; x_wconf 77' lang='lat' dir='ltr'>audiuit</span> <span class='ocrx_word' id='word_1_422' title='bbox 1351 327 1377 349; x_wconf 87' lang='lat' dir='ltr'>et</span> <span class='ocrx_word' id='word_1_423' title='bbox 1402 321 1450 349; x_wconf 83' lang='lat' dir='ltr'>ista</span> <span class='ocrx_word' id='word_1_424' title='bbox 1478 323 1625 353; x_wconf 62' lang='lat' dir='ltr'>mulium:</span> 
     </span>
     <span class='ocr_line' id='line_1_61' title="bbox 907 360 1627 407; baseline 0.014 -20"><span class='ocrx_word' id='word_1_425' title='bbox 907 360 959 388; x_wconf 68' lang='lat' dir='ltr'>illm</span> <span class='ocrx_word' id='word_1_426' title='bbox 979 361 1099 399; x_wconf 71' lang='lat' dir='ltr'>«pridem,</span> <span class='ocrx_word' id='word_1_427' title='bbox 1117 369 1144 390; x_wconf 92' lang='lat' dir='ltr'>ut</span> <span class='ocrx_word' id='word_1_428' title='bbox 1155 374 1213 391; x_wconf 87' lang='lat' dir='ltr'>eam</span> <span class='ocrx_word' id='word_1_429' title='bbox 1227 364 1375 403; x_wconf 77' lang='lat' dir='ltr'>imitentur,</span> <span class='ocrx_word' id='word_1_430' title='bbox 1393 377 1450 404; x_wconf 77' lang='lat' dir='ltr'>qua:</span> <span class='ocrx_word' id='word_1_431' title='bbox 1465 378 1544 396; x_wconf 78' lang='lat' dir='ltr'>sexus</span> <span class='ocrx_word' id='word_1_432' title='bbox 1558 370 1627 407; x_wconf 82' lang='lat' dir='ltr'>ejus-</span> 
     </span>
    </p>
   </div>
   <div class='ocr_carea' id='block_1_12' title="bbox 1594 415 1622 443">
    <p class='ocr_par' dir='ltr' id='par_1_14' title="bbox 1594 415 1622 443">
     <span class='ocr_line' id='line_1_62' title="bbox 1594 415 1622 443; baseline 0 0"><span class='ocrx_word' id='word_1_433' title='bbox 1594 415 1622 443; x_wconf 90' lang='lat' dir='ltr'>hi</span> 
     </span>
    </p>
   </div>
   <div class='ocr_carea' id='block_1_13' title="bbox 905 405 1560 451">
    <p class='ocr_par' dir='ltr' id='par_1_15' title="bbox 905 405 1560 451">
     <span class='ocr_line' id='line_1_63' title="bbox 905 405 1560 451; baseline 0.012 -17"><span class='ocrx_word' id='word_1_434' title='bbox 905 405 966 434; x_wconf 75' lang='lat' dir='ltr'>(lem</span> <span class='ocrx_word' id='word_1_435' title='bbox 987 414 1034 441; x_wconf 86' lang='lat' dir='ltr'>cst,</span> <span class='ocrx_word' id='word_1_436' title='bbox 1062 414 1087 435; x_wconf 89' lang='lat' dir='ltr'>et</span> <span class='ocrx_word' id='word_1_437' title='bbox 1102 415 1202 437; x_wconf 68' lang='lat' dir='ltr'>naturce</span> <span class='ocrx_word' id='word_1_438' title='bbox 1222 411 1378 448; x_wconf 71' lang='lat' dir='ltr'>cognatione</span> <span class='ocrx_word' id='word_1_439' title='bbox 1398 413 1536 451; x_wconf 83' lang='lat' dir='ltr'>conjuncti</span> <span class='ocrx_word' id='word_1_440' title='bbox 1555 427 1560 441; x_wconf 93' lang='lat'>:</span> 
     </span>
    </p>
   </div>
   <div class='ocr_carea' id='block_1_14' title="bbox 895 454 1625 498">
    <p class='ocr_par' dir='ltr' id='par_1_16' title="bbox 895 454 1625 498">
     <span class='ocr_line' id='line_1_64' title="bbox 895 454 1625 498; baseline 0.014 -19"><span class='ocrx_word' id='word_1_441' title='bbox 895 463 979 494; x_wconf 74' lang='lat' dir='ltr'>¹v·e10,</span> <span class='ocrx_word' id='word_1_442' title='bbox 992 464 1024 481; x_wconf 91' lang='lat' dir='ltr'>ne</span> <span class='ocrx_word' id='word_1_443' title='bbox 1040 454 1152 483; x_wconf 83' lang='lat' dir='ltr'>muliere</span> <span class='ocrx_word' id='word_1_444' title='bbox 1167 455 1252 483; x_wconf 83' lang='lat' dir='ltr'>imh«</span> <span class='ocrx_word' id='word_1_445' title='bbox 1249 456 1375 485; x_wconf 49' lang='lat' dir='ltr'>illim-«es</span> <span class='ocrx_word' id='word_1_446' title='bbox 1369 467 1524 498; x_wconf 78' lang='lat' dir='ltr'>appareant.</span> <span class='ocrx_word' id='word_1_447' title='bbox 1538 462 1625 494; x_wconf 85' lang='lat' dir='ltr'>Quam</span> 
     </span>
    </p>
   </div>
   <div class='ocr_carea' id='block_1_15' title="bbox 899 499 1626 1137">
    <p class='ocr_par' dir='ltr' id='par_1_17' title="bbox 899 499 1626 1137">
     <span class='ocr_line' id='line_1_65' title="bbox 905 499 1626 541; baseline 0.011 -15"><span class='ocrx_word' id='word_1_448' title='bbox 905 499 975 526; x_wconf 85' lang='lat' dir='ltr'>enim</span> <span class='ocrx_word' id='word_1_449' title='bbox 1001 500 1199 528; x_wconf 82' lang='lat' dir='ltr'>excusationem</span> <span class='ocrx_word' id='word_1_450' title='bbox 1221 501 1391 537; x_wconf 74' lang='lat' dir='ltr'>habebimus,</span> <span class='ocrx_word' id='word_1_451' title='bbox 1411 515 1491 541; x_wconf 82' lang='lat' dir='ltr'>quam</span> <span class='ocrx_word' id='word_1_452' title='bbox 1522 506 1626 534; x_wconf 78' lang='lat' dir='ltr'>reniam</span> 
     </span>
     <span class='ocr_line' id='line_1_66' title="bbox 905 544 1623 589; baseline 0.011 -17"><span class='ocrx_word' id='word_1_453' title='bbox 905 544 1123 583; x_wconf 79' lang='lat' dir='ltr'>impetrabimus,</span> <span class='ocrx_word' id='word_1_454' title='bbox 1147 547 1169 574; x_wconf 92' lang='lat' dir='ltr'>si</span> <span class='ocrx_word' id='word_1_455' title='bbox 1187 558 1248 575; x_wconf 79' lang='lat' dir='ltr'>euin</span> <span class='ocrx_word' id='word_1_456' title='bbox 1271 555 1372 577; x_wconf 81' lang='lat' dir='ltr'>tantum</span> <span class='ocrx_word' id='word_1_457' title='bbox 1387 549 1470 578; x_wconf 82' lang='lat' dir='ltr'>animi</span> <span class='ocrx_word' id='word_1_458' title='bbox 1490 551 1623 589; x_wconf 77' lang='lat' dir='ltr'>studium,</span> 
     </span>
     <span class='ocr_line' id='line_1_67' title="bbox 905 591 1624 633; baseline 0.013 -16"><span class='ocrx_word' id='word_1_459' title='bbox 905 596 1058 628; x_wconf 80' lang='lat' dir='ltr'>tantamque</span> <span class='ocrx_word' id='word_1_460' title='bbox 1072 591 1271 631; x_wconf 73' lang='lat' dir='ltr'>philosophiam</span> <span class='ocrx_word' id='word_1_461' title='bbox 1288 594 1411 623; x_wconf 85' lang='lat' dir='ltr'>mulieres</span> <span class='ocrx_word' id='word_1_462' title='bbox 1430 596 1602 626; x_wconf 78' lang='lat' dir='ltr'>exhibuerint</span> <span class='ocrx_word' id='word_1_463' title='bbox 1616 621 1624 633; x_wconf 89' lang='lat'><em>‚</em></span> 
     </span>
     <span class='ocr_line' id='line_1_68' title="bbox 905 638 1625 677; baseline 0.013 -14"><span class='ocrx_word' id='word_1_464' title='bbox 905 645 952 663; x_wconf 85' lang='lat' dir='ltr'>nos</span> <span class='ocrx_word' id='word_1_465' title='bbox 966 647 1070 675; x_wconf 81' lang='lat' dir='ltr'>semper</span> <span class='ocrx_word' id='word_1_466' title='bbox 1095 638 1187 666; x_wconf 84' lang='lat' dir='ltr'>mundi</span> <span class='ocrx_word' id='word_1_467' title='bbox 1209 640 1285 667; x_wconf 82' lang='lat' dir='ltr'>aslixi</span> <span class='ocrx_word' id='word_1_468' title='bbox 1312 641 1425 677; x_wconf 84' lang='lat' dir='ltr'>negotiis</span> <span class='ocrx_word' id='word_1_469' title='bbox 1450 642 1625 671; x_wconf 62' lang='lat' dir='ltr'>haereamus?</span> 
     </span>
     <span class='ocr_line' id='line_1_69' title="bbox 905 681 1625 725; baseline 0.013 -16"><span class='ocrx_word' id='word_1_470' title='bbox 905 681 967 710; x_wconf 79' lang='lat' dir='ltr'>Haec</span> <span class='ocrx_word' id='word_1_471' title='bbox 982 682 1086 711; x_wconf 75' lang='lat' dir='ltr'>discant</span> <span class='ocrx_word' id='word_1_472' title='bbox 1100 690 1125 711; x_wconf 82' lang='lat' dir='ltr'>et</span> <span class='ocrx_word' id='word_1_473' title='bbox 1151 684 1323 721; x_wconf 74' lang='lat' dir='ltr'>magistratus</span> <span class='ocrx_word' id='word_1_474' title='bbox 1336 693 1360 713; x_wconf 91' lang='lat' dir='ltr'>ct</span> <span class='ocrx_word' id='word_1_475' title='bbox 1375 687 1484 725; x_wconf 63' lang='lat' dir='ltr'>privati,</span> <span class='ocrx_word' id='word_1_476' title='bbox 1500 695 1525 716; x_wconf 83' lang='lat' dir='ltr'>et</span> <span class='ocrx_word' id='word_1_477' title='bbox 1540 700 1625 718; x_wconf 87' lang='lat' dir='ltr'>sacer-</span> 
     </span>
     <span class='ocr_line' id='line_1_70' title="bbox 903 726 1625 771; baseline 0.014 -17"><span class='ocrx_word' id='word_1_478' title='bbox 903 726 989 762; x_wconf 92' lang='lat' dir='ltr'>dotes,</span> <span class='ocrx_word' id='word_1_479' title='bbox 1003 735 1028 756; x_wconf 89' lang='lat' dir='ltr'>et</span> <span class='ocrx_word' id='word_1_480' title='bbox 1043 728 1089 766; x_wconf 89' lang='lat' dir='ltr'>qui</span> <span class='ocrx_word' id='word_1_481' title='bbox 1115 729 1140 757; x_wconf 89' lang='lat' dir='ltr'>in</span> <span class='ocrx_word' id='word_1_482' title='bbox 1169 730 1264 758; x_wconf 81' lang='lat' dir='ltr'>ordine</span> <span class='ocrx_word' id='word_1_483' title='bbox 1279 730 1408 760; x_wconf 77' lang='lat' dir='ltr'>laicorum</span> <span class='ocrx_word' id='word_1_484' title='bbox 1428 741 1578 771; x_wconf 77' lang='lat' dir='ltr'>versantur,</span> <span class='ocrx_word' id='word_1_485' title='bbox 1596 743 1625 764; x_wconf 90' lang='lat' dir='ltr'>ut</span> 
     </span>
     <span class='ocr_line' id='line_1_71' title="bbox 902 771 1624 817; baseline 0.012 -17"><span class='ocrx_word' id='word_1_486' title='bbox 902 771 943 800; x_wconf 87' lang='lat' dir='ltr'>illi</span> <span class='ocrx_word' id='word_1_487' title='bbox 956 773 1067 811; x_wconf 87' lang='lat' dir='ltr'>quidem</span> <span class='ocrx_word' id='word_1_488' title='bbox 1079 774 1177 803; x_wconf 71' lang='lat' dir='ltr'>divites</span> <span class='ocrx_word' id='word_1_489' title='bbox 1192 775 1257 804; x_wconf 83' lang='lat' dir='ltr'>tanti</span> <span class='ocrx_word' id='word_1_490' title='bbox 1273 787 1323 805; x_wconf 93' lang='lat' dir='ltr'>non</span> <span class='ocrx_word' id='word_1_491' title='bbox 1337 777 1445 815; x_wconf 82' lang='lat' dir='ltr'>saciant,</span> <span class='ocrx_word' id='word_1_492' title='bbox 1462 789 1547 817; x_wconf 87' lang='lat' dir='ltr'>neque</span> <span class='ocrx_word' id='word_1_493' title='bbox 1561 780 1624 809; x_wconf 85' lang='lat' dir='ltr'>illu-</span> 
     </span>
     <span class='ocr_line' id='line_1_72' title="bbox 901 818 1624 859; baseline 0.012 -14"><span class='ocrx_word' id='word_1_494' title='bbox 901 824 967 846; x_wconf 79' lang='lat' dir='ltr'>stres</span> <span class='ocrx_word' id='word_1_495' title='bbox 995 818 1090 848; x_wconf 87' lang='lat' dir='ltr'>domos</span> <span class='ocrx_word' id='word_1_496' title='bbox 1107 828 1317 859; x_wconf 76' lang='lat' dir='ltr'>persequantur,</span> <span class='ocrx_word' id='word_1_497' title='bbox 1333 822 1378 851; x_wconf 89' lang='lat' dir='ltr'>sed</span> <span class='ocrx_word' id='word_1_498' title='bbox 1405 823 1532 853; x_wconf 71' lang='lat' dir='ltr'>virtutem</span> <span class='ocrx_word' id='word_1_499' title='bbox 1562 836 1624 855; x_wconf 90' lang='lat' dir='ltr'>cum</span> 
     </span>
     <span class='ocr_line' id='line_1_73' title="bbox 900 865 1622 909; baseline 0.012 -18"><span class='ocrx_word' id='word_1_500' title='bbox 900 871 1057 902; x_wconf 82' lang='lat' dir='ltr'>paupertate</span> <span class='ocrx_word' id='word_1_501' title='bbox 1071 865 1234 904; x_wconf 71' lang='lat' dir='ltr'>disquirunt,</span> <span class='ocrx_word' id='word_1_502' title='bbox 1265 878 1348 906; x_wconf 85' lang='lat' dir='ltr'>neque</span> <span class='ocrx_word' id='word_1_503' title='bbox 1362 870 1552 909; x_wconf 80' lang='lat' dir='ltr'>pauperiorum</span> <span class='ocrx_word' id='word_1_504' title='bbox 1564 872 1622 900; x_wconf 84' lang='lat' dir='ltr'>sra—</span> 
     </span>
     <span class='ocr_line' id='line_1_74' title="bbox 900 910 1620 957; baseline 0.013 -20"><span class='ocrx_word' id='word_1_505' title='bbox 900 915 973 938; x_wconf 88' lang='lat' dir='ltr'>trum</span> <span class='ocrx_word' id='word_1_506' title='bbox 988 910 1048 939; x_wconf 88' lang='lat' dir='ltr'>illos</span> <span class='ocrx_word' id='word_1_507' title='bbox 1068 912 1180 950; x_wconf 78' lang='lat' dir='ltr'>pudeat,</span> <span class='ocrx_word' id='word_1_508' title='bbox 1194 924 1278 952; x_wconf 86' lang='lat' dir='ltr'>neque</span> <span class='ocrx_word' id='word_1_509' title='bbox 1293 915 1527 945; x_wconf 76' lang='lat' dir='ltr'>tabernaculorum</span> <span class='ocrx_word' id='word_1_510' title='bbox 1538 918 1620 957; x_wconf 84' lang='lat' dir='ltr'>opifi-</span> 
     </span>
     <span class='ocr_line' id='line_1_75' title="bbox 899 961 1622 1001; baseline 0.014 -18"><span class='ocrx_word' id='word_1_511' title='bbox 899 964 966 992; x_wconf 80' lang='lat' dir='ltr'>cem,</span> <span class='ocrx_word' id='word_1_512' title='bbox 994 963 1019 984; x_wconf 83' lang='lat' dir='ltr'>et</span> <span class='ocrx_word' id='word_1_513' title='bbox 1042 957 1196 993; x_wconf 57' lang='lat' dir='ltr'>cestarium,</span> <span class='ocrx_word' id='word_1_514' title='bbox 1215 966 1238 987; x_wconf 88' lang='lat' dir='ltr'>et</span> <span class='ocrx_word' id='word_1_515' title='bbox 1263 970 1391 999; x_wconf 78' lang='lat' dir='ltr'>purpuiae</span> <span class='ocrx_word' id='word_1_516' title='bbox 1410 961 1481 990; x_wconf 75' lang='lat' dir='ltr'>insti:</span> <span class='ocrx_word' id='word_1_517' title='bbox 1486 973 1574 1001; x_wconf 81' lang='lat' dir='ltr'>orem,</span> <span class='ocrx_word' id='word_1_518' title='bbox 1597 971 1622 992; x_wconf 87' lang='lat' dir='ltr'>ct</span> 
     </span>
     <span class='ocr_line' id='line_1_76' title="bbox 899 1001 1622 1053; baseline 0.014 -25"><span class='ocrx_word' id='word_1_519' title='bbox 899 1001 1022 1029; x_wconf 66' lang='lat' dir='ltr'>annium</span> <span class='ocrx_word' id='word_1_520' title='bbox 1035 1002 1195 1053; x_wconf 80' lang='lat' dir='ltr'>omittentes,</span> <span class='ocrx_word' id='word_1_521' title='bbox 1210 1015 1254 1033; x_wconf 87' lang='lat' dir='ltr'>eos</span> <span class='ocrx_word' id='word_1_522' title='bbox 1266 1006 1312 1044; x_wconf 86' lang='lat' dir='ltr'>qui</span> <span class='ocrx_word' id='word_1_523' title='bbox 1339 1007 1510 1046; x_wconf 67' lang='lat' dir='ltr'>magistratus</span> <span class='ocrx_word' id='word_1_524' title='bbox 1526 1017 1622 1047; x_wconf 80' lang='lat' dir='ltr'>gerunt</span> 
     </span>
     <span class='ocr_line' id='line_1_77' title="bbox 899 1046 1621 1094; baseline 0.014 -20"><span class='ocrx_word' id='word_1_525' title='bbox 899 1046 1006 1075; x_wconf 78' lang='lat' dir='ltr'>colant:</span> <span class='ocrx_word' id='word_1_526' title='bbox 1031 1049 1076 1086; x_wconf 87' lang='lat' dir='ltr'>qui</span> <span class='ocrx_word' id='word_1_527' title='bbox 1092 1050 1270 1089; x_wconf 79' lang='lat' dir='ltr'>ver-opiivati</span> <span class='ocrx_word' id='word_1_528' title='bbox 1294 1059 1367 1087; x_wconf 90' lang='lat' dir='ltr'>sunt,</span> <span class='ocrx_word' id='word_1_529' title='bbox 1387 1063 1420 1081; x_wconf 90' lang='lat' dir='ltr'>ne</span> <span class='ocrx_word' id='word_1_530' title='bbox 1444 1065 1472 1083; x_wconf 86' lang='lat' dir='ltr'>se</span> <span class='ocrx_word' id='word_1_531' title='bbox 1496 1054 1621 1094; x_wconf 85' lang='lat' dir='ltr'>impediri</span> 
     </span>
     <span class='ocr_line' id='line_1_78' title="bbox 899 1095 1620 1137; baseline 0.015 -18"><span class='ocrx_word' id='word_1_532' title='bbox 899 1099 1004 1130; x_wconf 84' lang='lat' dir='ltr'>putent,</span> <span class='ocrx_word' id='word_1_533' title='bbox 1020 1105 1073 1132; x_wconf 92' lang='lat' dir='ltr'>quo</span> <span class='ocrx_word' id='word_1_534' title='bbox 1085 1095 1174 1124; x_wconf 89' lang='lat' dir='ltr'>minus</span> <span class='ocrx_word' id='word_1_535' title='bbox 1184 1104 1288 1125; x_wconf 88' lang='lat' dir='ltr'>sanctos</span> <span class='ocrx_word' id='word_1_536' title='bbox 1305 1098 1450 1137; x_wconf 80' lang='lat' dir='ltr'>excipiant,</span> <span class='ocrx_word' id='word_1_537' title='bbox 1460 1100 1506 1128; x_wconf 89' lang='lat' dir='ltr'>sed</span> <span class='ocrx_word' id='word_1_538' title='bbox 1522 1111 1620 1130; x_wconf 87' lang='lat' dir='ltr'>memo-</span> 
     </span>
    </p>
   </div>
   <div class='ocr_carea' id='block_1_16' title="bbox 897 1139 1766 1229">
    <p class='ocr_par' dir='ltr' id='par_1_18' title="bbox 897 1139 1766 1229">
     <span class='ocr_line' id='line_1_79' title="bbox 897 1139 1766 1190; baseline 0.014 -25"><span class='ocrx_word' id='word_1_539' title='bbox 897 1148 938 1166; x_wconf 89' lang='lat' dir='ltr'>res</span> <span class='ocrx_word' id='word_1_540' title='bbox 953 1139 1054 1176; x_wconf 71' lang='lat' dir='ltr'>xiduae,</span> <span class='ocrx_word' id='word_1_541' title='bbox 1070 1141 1243 1178; x_wconf 73' lang='lat' dir='ltr'>quaelleliam</span> <span class='ocrx_word' id='word_1_542' title='bbox 1257 1144 1382 1183; x_wconf 82' lang='lat' dir='ltr'>suscepit,</span> <span class='ocrx_word' id='word_1_543' title='bbox 1396 1155 1456 1173; x_wconf 86' lang='lat' dir='ltr'>cum</span> <span class='ocrx_word' id='word_1_544' title='bbox 1471 1146 1511 1174; x_wconf 86' lang='lat' dir='ltr'>illi</span> <span class='ocrx_word' id='word_1_545' title='bbox 1527 1147 1618 1175; x_wconf 64' lang='lat' dir='ltr'>farina¹</span> <span class='ocrx_word' id='word_1_546' title='bbox 1629 1162 1650 1184; x_wconf 86' lang='lat'>3</span> <span class='ocrx_word' id='word_1_547' title='bbox 1660 1162 1719 1186; x_wconf 58' lang='lat' dir='ltr'>Re„</span> <span class='ocrx_word' id='word_1_548' title='bbox 1731 1169 1766 1190; x_wconf 75' lang='lat'>,7</span> 
     </span>
     <span class='ocr_line' id='line_1_80' title="bbox 898 1184 1732 1229; baseline 0.015 -18"><span class='ocrx_word' id='word_1_549' title='bbox 898 1184 1020 1222; x_wconf 81' lang='lat' dir='ltr'>pugillus</span> <span class='ocrx_word' id='word_1_550' title='bbox 1040 1185 1126 1214; x_wconf 87' lang='lat' dir='ltr'>solum</span> <span class='ocrx_word' id='word_1_551' title='bbox 1139 1195 1300 1226; x_wconf 87' lang='lat' dir='ltr'>suppeteret</span> <span class='ocrx_word' id='word_1_552' title='bbox 1315 1196 1340 1217; x_wconf 93' lang='lat' dir='ltr'>ct</span> <span class='ocrx_word' id='word_1_553' title='bbox 1351 1197 1463 1219; x_wconf 81' lang='lat' dir='ltr'>istorum</span> <span class='ocrx_word' id='word_1_554' title='bbox 1477 1192 1524 1229; x_wconf 86' lang='lat' dir='ltr'>qui</span> <span class='ocrx_word' id='word_1_555' title='bbox 1548 1193 1618 1221; x_wconf 87' lang='lat' dir='ltr'>Pau-</span> <span class='ocrx_word' id='word_1_556' title='bbox 1633 1200 1667 1216; x_wconf 90' lang='lat'>¹0·</span> <span class='ocrx_word' id='word_1_557' title='bbox 1684 1202 1732 1223; x_wconf 62' lang='lat' dir='ltr'>*wt-</span> 
     </span>
    </p>
   </div>
   <div class='ocr_carea' id='block_1_17' title="bbox 888 1229 1618 2341">
    <p class='ocr_par' dir='ltr' id='par_1_19' title="bbox 888 1229 1618 2331">
     <span class='ocr_line' id='line_1_81' title="bbox 896 1229 1618 1274; baseline 0.015 -18"><span class='ocrx_word' id='word_1_558' title='bbox 896 1229 953 1257; x_wconf 86' lang='lat' dir='ltr'>lum</span> <span class='ocrx_word' id='word_1_559' title='bbox 971 1230 1005 1258; x_wconf 85' lang='lat' dir='ltr'>ad</span> <span class='ocrx_word' id='word_1_560' title='bbox 1019 1230 1087 1260; x_wconf 91' lang='lat' dir='ltr'>duos</span> <span class='ocrx_word' id='word_1_561' title='bbox 1110 1243 1193 1261; x_wconf 87' lang='lat' dir='ltr'>annos</span> <span class='ocrx_word' id='word_1_562' title='bbox 1210 1234 1340 1274; x_wconf 85' lang='lat' dir='ltr'>hospitem</span> <span class='ocrx_word' id='word_1_563' title='bbox 1366 1236 1501 1273; x_wconf 78' lang='lat' dir='ltr'>aluerunt,</span> <span class='ocrx_word' id='word_1_564' title='bbox 1524 1238 1618 1267; x_wconf 83' lang='lat' dir='ltr'>domos</span> 
     </span>
     <span class='ocr_line' id='line_1_82' title="bbox 895 1275 1616 1320; baseline 0.015 -18"><span class='ocrx_word' id='word_1_565' title='bbox 895 1275 984 1313; x_wconf 80' lang='lat' dir='ltr'>egenis</span> <span class='ocrx_word' id='word_1_566' title='bbox 994 1276 1124 1315; x_wconf 87' lang='lat' dir='ltr'>aperiant,</span> <span class='ocrx_word' id='word_1_567' title='bbox 1149 1285 1174 1307; x_wconf 88' lang='lat' dir='ltr'>et</span> <span class='ocrx_word' id='word_1_568' title='bbox 1186 1280 1275 1308; x_wconf 86' lang='lat' dir='ltr'>omnia</span> <span class='ocrx_word' id='word_1_569' title='bbox 1290 1280 1442 1320; x_wconf 80' lang='lat' dir='ltr'>hospitibus</span> <span class='ocrx_word' id='word_1_570' title='bbox 1463 1285 1616 1313; x_wconf 86' lang='lat' dir='ltr'>communia</span> 
     </span>
     <span class='ocr_line' id='line_1_83' title="bbox 895 1322 1616 1363; baseline 0.014 -15"><span class='ocrx_word' id='word_1_571' title='bbox 895 1331 950 1349; x_wconf 84' lang='lat' dir='ltr'>esse</span> <span class='ocrx_word' id='word_1_572' title='bbox 965 1322 1059 1359; x_wconf 80' lang='lat' dir='ltr'>velint,</span> <span class='ocrx_word' id='word_1_573' title='bbox 1074 1334 1133 1361; x_wconf 66' lang='lat' dir='ltr'>quae</span> <span class='ocrx_word' id='word_1_574' title='bbox 1151 1325 1296 1363; x_wconf 86' lang='lat' dir='ltr'>possident.</span> <span class='ocrx_word' id='word_1_575' title='bbox 1312 1327 1372 1355; x_wconf 75' lang='lat' dir='ltr'>Noli</span> <span class='ocrx_word' id='word_1_576' title='bbox 1384 1328 1456 1356; x_wconf 89' lang='lat' dir='ltr'>enim</span> <span class='ocrx_word' id='word_1_577' title='bbox 1476 1329 1526 1358; x_wconf 89' lang='lat' dir='ltr'>hoc</span> <span class='ocrx_word' id='word_1_578' title='bbox 1549 1330 1616 1359; x_wconf 87' lang='lat' dir='ltr'>mihi</span> 
     </span>
     <span class='ocr_line' id='line_1_84' title="bbox 895 1366 1615 1412; baseline 0.014 -18"><span class='ocrx_word' id='word_1_579' title='bbox 895 1366 993 1403; x_wconf 85' lang='lat' dir='ltr'>dicere,</span> <span class='ocrx_word' id='word_1_580' title='bbox 1019 1368 1132 1398; x_wconf 80' lang='lat' dir='ltr'>famulos</span> <span class='ocrx_word' id='word_1_581' title='bbox 1146 1370 1196 1398; x_wconf 90' lang='lat' dir='ltr'>tibi</span> <span class='ocrx_word' id='word_1_582' title='bbox 1211 1371 1299 1400; x_wconf 88' lang='lat' dir='ltr'>nullos</span> <span class='ocrx_word' id='word_1_583' title='bbox 1323 1383 1389 1409; x_wconf 87' lang='lat' dir='ltr'>esse,</span> <span class='ocrx_word' id='word_1_584' title='bbox 1404 1373 1451 1412; x_wconf 92' lang='lat' dir='ltr'>qui</span> <span class='ocrx_word' id='word_1_585' title='bbox 1461 1374 1615 1404; x_wconf 78' lang='lat' dir='ltr'>inserviam.</span> 
     </span>
     <span class='ocr_line' id='line_1_85' title="bbox 896 1413 1615 1459; baseline 0.014 -19"><span class='ocrx_word' id='word_1_586' title='bbox 896 1413 970 1442; x_wconf 88' lang='lat' dir='ltr'>Licet</span> <span class='ocrx_word' id='word_1_587' title='bbox 983 1414 1054 1442; x_wconf 87' lang='lat' dir='ltr'>enim</span> <span class='ocrx_word' id='word_1_588' title='bbox 1071 1415 1182 1445; x_wconf 85' lang='lat' dir='ltr'>haberes</span> <span class='ocrx_word' id='word_1_589' title='bbox 1203 1417 1366 1453; x_wconf 85' lang='lat' dir='ltr'>innumeros,</span> <span class='ocrx_word' id='word_1_590' title='bbox 1385 1419 1507 1459; x_wconf 81' lang='lat' dir='ltr'>praecipit</span> <span class='ocrx_word' id='word_1_591' title='bbox 1531 1421 1615 1459; x_wconf 79' lang='lat' dir='ltr'>Deus,</span> 
     </span>
     <span class='ocr_line' id='line_1_86' title="bbox 895 1461 1615 1506; baseline 0.013 -19"><span class='ocrx_word' id='word_1_592' title='bbox 895 1465 924 1487; x_wconf 91' lang='lat' dir='ltr'>ut</span> <span class='ocrx_word' id='word_1_593' title='bbox 947 1471 995 1499; x_wconf 85' lang='lat' dir='ltr'>per</span> <span class='ocrx_word' id='word_1_594' title='bbox 1014 1467 1039 1489; x_wconf 91' lang='lat' dir='ltr'>te</span> <span class='ocrx_word' id='word_1_595' title='bbox 1058 1461 1115 1500; x_wconf 84' lang='lat' dir='ltr'>ipse</span> <span class='ocrx_word' id='word_1_596' title='bbox 1136 1462 1327 1501; x_wconf 78' lang='lat' dir='ltr'>hospitalitatis</span> <span class='ocrx_word' id='word_1_597' title='bbox 1345 1465 1462 1494; x_wconf 82' lang='lat' dir='ltr'>fructum</span> <span class='ocrx_word' id='word_1_598' title='bbox 1481 1465 1615 1506; x_wconf 86' lang='lat' dir='ltr'>decerpas.</span> 
     </span>
     <span class='ocr_line' id='line_1_87' title="bbox 894 1504 1615 1544; baseline 0.014 -11"><span class='ocrx_word' id='word_1_599' title='bbox 894 1504 1036 1544; x_wconf 80' lang='lat' dir='ltr'>Propteiea</span> <span class='ocrx_word' id='word_1_600' title='bbox 1062 1507 1162 1537; x_wconf 86' lang='lat' dir='ltr'>Paulus</span> <span class='ocrx_word' id='word_1_601' title='bbox 1177 1519 1238 1537; x_wconf 91' lang='lat' dir='ltr'>cum</span> <span class='ocrx_word' id='word_1_602' title='bbox 1255 1510 1395 1539; x_wconf 76' lang='grc' dir='ltr'>ηιιιΙίοιοηι</span> <span class='ocrx_word' id='word_1_603' title='bbox 1414 1511 1526 1541; x_wconf 64' lang='lat' dir='ltr'>xiduam</span> <span class='ocrx_word' id='word_1_604' title='bbox 1547 1513 1615 1543; x_wconf 82' lang='lat' dir='ltr'>allo-</span> 
     </span>
     <span class='ocr_line' id='line_1_88' title="bbox 893 1554 1615 1597; baseline 0.015 -19"><span class='ocrx_word' id='word_1_605' title='bbox 893 1559 1027 1590; x_wconf 82' lang='lat' dir='ltr'>queretur,</span> <span class='ocrx_word' id='word_1_606' title='bbox 1043 1563 1155 1591; x_wconf 90' lang='lat' dir='ltr'>eamque</span> <span class='ocrx_word' id='word_1_607' title='bbox 1170 1554 1331 1595; x_wconf 83' lang='lat' dir='ltr'>hospitalem</span> <span class='ocrx_word' id='word_1_608' title='bbox 1352 1568 1408 1586; x_wconf 83' lang='lat' dir='ltr'>esse</span> <span class='ocrx_word' id='word_1_609' title='bbox 1421 1558 1537 1597; x_wconf 84' lang='lat' dir='ltr'>juberet,</span> <span class='ocrx_word' id='word_1_610' title='bbox 1562 1570 1615 1589; x_wconf 88' lang='lat' dir='ltr'>non</span> 
     </span>
     <span class='ocr_line' id='line_1_89' title="bbox 893 1597 1613 1643; baseline 0.014 -19"><span class='ocrx_word' id='word_1_611' title='bbox 893 1607 942 1636; x_wconf 87' lang='lat' dir='ltr'>per</span> <span class='ocrx_word' id='word_1_612' title='bbox 952 1597 1028 1636; x_wconf 75' lang='lat' dir='ltr'>alias,</span> <span class='ocrx_word' id='word_1_613' title='bbox 1042 1599 1087 1627; x_wconf 88' lang='lat' dir='ltr'>sed</span> <span class='ocrx_word' id='word_1_614' title='bbox 1097 1610 1144 1639; x_wconf 85' lang='lat' dir='ltr'>per</span> <span class='ocrx_word' id='word_1_615' title='bbox 1156 1600 1270 1640; x_wconf 80' lang='lat' dir='ltr'>seipsam</span> <span class='ocrx_word' id='word_1_616' title='bbox 1287 1609 1315 1630; x_wconf 91' lang='lat' dir='ltr'>ut</span> <span class='ocrx_word' id='word_1_617' title='bbox 1326 1602 1352 1631; x_wconf 90' lang='lat' dir='ltr'>id</span> <span class='ocrx_word' id='word_1_618' title='bbox 1365 1610 1453 1642; x_wconf 82' lang='lat' dir='ltr'>ageret</span> <span class='ocrx_word' id='word_1_619' title='bbox 1462 1604 1613 1643; x_wconf 77' lang='lat' dir='ltr'>imperavit.</span> 
     </span>
     <span class='ocr_line' id='line_1_90' title="bbox 894 1643 1614 1690; baseline 0.013 -19"><span class='ocrx_word' id='word_1_620' title='bbox 894 1643 963 1672; x_wconf 90' lang='lat' dir='ltr'>Cum</span> <span class='ocrx_word' id='word_1_621' title='bbox 974 1644 1043 1673; x_wconf 85' lang='lat' dir='ltr'>enim</span> <span class='ocrx_word' id='word_1_622' title='bbox 1058 1644 1182 1681; x_wconf 72' lang='lat' dir='ltr'>dixisset,</span> <span class='ocrx_word' id='word_1_623' title='bbox 1195 1648 1226 1676; x_wconf 75' lang='lat' dir='ltr'>Si</span> <span class='ocrx_word' id='word_1_624' title='bbox 1233 1649 1357 1687; x_wconf 80' lang='lat' dir='ltr'>hospitio</span> <span class='ocrx_word' id='word_1_625' title='bbox 1371 1652 1494 1688; x_wconf 81' lang='lat' dir='ltr'>recepit,</span> <span class='ocrx_word' id='word_1_626' title='bbox 1508 1651 1614 1690; x_wconf 69' lang='lat' dir='ltr'>idjecit,</span> 
     </span>
     <span class='ocr_line' id='line_1_91' title="bbox 894 1690 1613 1736; baseline 0.013 -19"><span class='ocrx_word' id='word_1_627' title='bbox 894 1690 931 1718; x_wconf 79' lang='lat' dir='ltr'>Si</span> <span class='ocrx_word' id='word_1_628' title='bbox 940 1697 1108 1719; x_wconf 82' lang='lat' dir='ltr'>sanctorum</span> <span class='ocrx_word' id='word_1_629' title='bbox 1118 1694 1205 1731; x_wconf 80' lang='lat' dir='ltr'>pedes</span> <span class='ocrx_word' id='word_1_630' title='bbox 1220 1694 1304 1723; x_wconf 78' lang='lat' dir='ltr'>lavit.</span> <span class='ocrx_word' id='word_1_631' title='bbox 1317 1696 1376 1723; x_wconf 78' lang='lat' dir='ltr'>Non</span> <span class='ocrx_word' id='word_1_632' title='bbox 1390 1695 1472 1733; x_wconf 77' lang='lat' dir='ltr'>djxit,</span> <span class='ocrx_word' id='word_1_633' title='bbox 1488 1697 1518 1725; x_wconf 94' lang='lat' dir='ltr'>Si</span> <span class='ocrx_word' id='word_1_634' title='bbox 1532 1708 1613 1736; x_wconf 84' lang='lat' dir='ltr'>pecu-</span> 
     </span>
     <span class='ocr_line' id='line_1_92' title="bbox 894 1735 1613 1782; baseline 0.013 -19"><span class='ocrx_word' id='word_1_635' title='bbox 894 1735 951 1764; x_wconf 90' lang='lat' dir='ltr'>nias</span> <span class='ocrx_word' id='word_1_636' title='bbox 965 1737 1102 1776; x_wconf 82' lang='lat' dir='ltr'>expendit,</span> <span class='ocrx_word' id='word_1_637' title='bbox 1118 1748 1214 1777; x_wconf 86' lang='lat' dir='ltr'>neque,</span> <span class='ocrx_word' id='word_1_638' title='bbox 1230 1740 1260 1769; x_wconf 87' lang='lat' dir='ltr'>Si</span> <span class='ocrx_word' id='word_1_639' title='bbox 1271 1741 1391 1780; x_wconf 77' lang='lat' dir='ltr'>famulis,</span> <span class='ocrx_word' id='word_1_640' title='bbox 1408 1749 1438 1770; x_wconf 88' lang='lat' dir='ltr'>ut</span> <span class='ocrx_word' id='word_1_641' title='bbox 1452 1742 1481 1770; x_wconf 87' lang='lat' dir='ltr'>id</span> <span class='ocrx_word' id='word_1_642' title='bbox 1496 1751 1613 1782; x_wconf 84' lang='lat' dir='ltr'>agerent,</span> 
     </span>
     <span class='ocr_line' id='line_1_93' title="bbox 894 1783 1612 1828; baseline 0.013 -19"><span class='ocrx_word' id='word_1_643' title='bbox 894 1781 1048 1821; x_wconf 80' lang='lat' dir='ltr'>imperavit,</span> <span class='ocrx_word' id='word_1_644' title='bbox 1065 1783 1123 1818; x_wconf 85' lang='lat' dir='ltr'>sed,</span> <span class='ocrx_word' id='word_1_645' title='bbox 1151 1785 1180 1813; x_wconf 79' lang='lat' dir='ltr'>Si</span> <span class='ocrx_word' id='word_1_646' title='bbox 1192 1796 1240 1825; x_wconf 90' lang='lat' dir='ltr'>per</span> <span class='ocrx_word' id='word_1_647' title='bbox 1253 1797 1281 1815; x_wconf 84' lang='lat' dir='ltr'>se</span> <span class='ocrx_word' id='word_1_648' title='bbox 1302 1787 1388 1826; x_wconf 85' lang='lat' dir='ltr'>ipsam</span> <span class='ocrx_word' id='word_1_649' title='bbox 1407 1787 1459 1817; x_wconf 90' lang='lat' dir='ltr'>hoc</span> <span class='ocrx_word' id='word_1_650' title='bbox 1476 1789 1612 1828; x_wconf 82' lang='lat' dir='ltr'>praestitit.</span> 
     </span>
     <span class='ocr_line' id='line_1_94' title="bbox 893 1828 1615 1869; baseline 0.011 -13"><span class='ocrx_word' id='word_1_651' title='bbox 893 1828 1036 1867; x_wconf 82' lang='lat' dir='ltr'>Propterea</span> <span class='ocrx_word' id='word_1_652' title='bbox 1045 1836 1071 1857; x_wconf 89' lang='lat' dir='ltr'>et</span> <span class='ocrx_word' id='word_1_653' title='bbox 1086 1830 1236 1869; x_wconf 67' lang='lat' dir='ltr'>A-biaham,</span> <span class='ocrx_word' id='word_1_654' title='bbox 1252 1832 1296 1861; x_wconf 91' lang='lat' dir='ltr'>cui</span> <span class='ocrx_word' id='word_1_655' title='bbox 1311 1840 1420 1862; x_wconf 73' lang='lat' dir='ltr'>trecenti</span> <span class='ocrx_word' id='word_1_656' title='bbox 1429 1841 1454 1863; x_wconf 89' lang='lat' dir='ltr'>et</span> <span class='ocrx_word' id='word_1_657' title='bbox 1466 1835 1615 1863; x_wconf 86' lang='lat' dir='ltr'>octodecim</span> 
     </span>
     <span class='ocr_line' id='line_1_95' title="bbox 892 1875 1612 1918; baseline 0.01 -17"><span class='ocrx_word' id='word_1_658' title='bbox 892 1881 966 1902; x_wconf 84' lang='lat' dir='ltr'>crant</span> <span class='ocrx_word' id='word_1_659' title='bbox 977 1875 1126 1910; x_wconf 73' lang='lat' dir='ltr'>vernaculi,</span> <span class='ocrx_word' id='word_1_660' title='bbox 1144 1876 1179 1904; x_wconf 87' lang='lat' dir='ltr'>ad</span> <span class='ocrx_word' id='word_1_661' title='bbox 1191 1887 1298 1916; x_wconf 85' lang='lat' dir='ltr'>gregem</span> <span class='ocrx_word' id='word_1_662' title='bbox 1311 1878 1368 1918; x_wconf 86' lang='lat' dir='ltr'>ipse</span> <span class='ocrx_word' id='word_1_663' title='bbox 1385 1880 1512 1918; x_wconf 78' lang='lat' dir='ltr'>perrexit,</span> <span class='ocrx_word' id='word_1_664' title='bbox 1527 1887 1552 1908; x_wconf 86' lang='lat' dir='ltr'>et</span> <span class='ocrx_word' id='word_1_665' title='bbox 1566 1880 1612 1908; x_wconf 75' lang='lat' dir='ltr'>vi-</span> 
     </span>
     <span class='ocr_line' id='line_1_96' title="bbox 892 1919 1612 1962; baseline 0.008 -15"><span class='ocrx_word' id='word_1_666' title='bbox 892 1919 979 1948; x_wconf 91' lang='lat' dir='ltr'>tulum</span> <span class='ocrx_word' id='word_1_667' title='bbox 994 1921 1116 1959; x_wconf 77' lang='lat' dir='ltr'>gestavit,</span> <span class='ocrx_word' id='word_1_668' title='bbox 1136 1929 1161 1950; x_wconf 88' lang='lat' dir='ltr'>et</span> <span class='ocrx_word' id='word_1_669' title='bbox 1179 1923 1229 1950; x_wconf 80' lang='lat' dir='ltr'>alia</span> <span class='ocrx_word' id='word_1_670' title='bbox 1245 1931 1339 1952; x_wconf 77' lang='lat' dir='ltr'>cuncta</span> <span class='ocrx_word' id='word_1_671' title='bbox 1360 1925 1508 1953; x_wconf 85' lang='lat' dir='ltr'>ministeria</span> <span class='ocrx_word' id='word_1_672' title='bbox 1524 1925 1612 1962; x_wconf 81' lang='lat' dir='ltr'>obiit,</span> 
     </span>
     <span class='ocr_line' id='line_1_97' title="bbox 891 1967 1612 2010; baseline 0.01 -17"><span class='ocrx_word' id='word_1_673' title='bbox 891 1972 971 2003; x_wconf 88' lang='lat' dir='ltr'>atque</span> <span class='ocrx_word' id='word_1_674' title='bbox 986 1977 1097 1994; x_wconf 73' lang='lat' dir='ltr'>uxorem</span> <span class='ocrx_word' id='word_1_675' title='bbox 1117 1967 1143 1995; x_wconf 93' lang='lat' dir='ltr'>in</span> <span class='ocrx_word' id='word_1_676' title='bbox 1157 1969 1319 1997; x_wconf 82' lang='lat' dir='ltr'>consortium</span> <span class='ocrx_word' id='word_1_677' title='bbox 1335 1969 1473 1998; x_wconf 81' lang='lat' dir='ltr'>fructuum</span> <span class='ocrx_word' id='word_1_678' title='bbox 1496 1971 1612 2010; x_wconf 86' lang='lat' dir='ltr'>hospita-</span> 
     </span>
     <span class='ocr_line' id='line_1_98' title="bbox 891 2011 1611 2052; baseline 0.011 -14"><span class='ocrx_word' id='word_1_679' title='bbox 891 2011 975 2039; x_wconf 83' lang='lat' dir='ltr'>litatis</span> <span class='ocrx_word' id='word_1_680' title='bbox 987 2011 1112 2041; x_wconf 73' lang='lat' dir='ltr'>adscivit.</span> <span class='ocrx_word' id='word_1_681' title='bbox 1120 2013 1263 2051; x_wconf 85' lang='lat' dir='ltr'>Propterea</span> <span class='ocrx_word' id='word_1_682' title='bbox 1270 2025 1375 2052; x_wconf 88' lang='lat' dir='ltr'>quoque</span> <span class='ocrx_word' id='word_1_683' title='bbox 1383 2016 1516 2045; x_wconf 87' lang='lat' dir='ltr'>Dominus</span> <span class='ocrx_word' id='word_1_684' title='bbox 1525 2024 1611 2046; x_wconf 86' lang='lat' dir='ltr'>noster</span> 
     </span>
     <span class='ocr_line' id='line_1_99' title="bbox 890 2057 1610 2100; baseline 0.008 -14"><span class='ocrx_word' id='word_1_685' title='bbox 890 2057 967 2086; x_wconf 81' lang='lat' dir='ltr'>Jesus</span> <span class='ocrx_word' id='word_1_686' title='bbox 990 2057 1114 2085; x_wconf 89' lang='lat' dir='ltr'>Christus</span> <span class='ocrx_word' id='word_1_687' title='bbox 1129 2065 1154 2086; x_wconf 84' lang='lat' dir='ltr'>et</span> <span class='ocrx_word' id='word_1_688' title='bbox 1179 2059 1205 2087; x_wconf 91' lang='lat' dir='ltr'>in</span> <span class='ocrx_word' id='word_1_689' title='bbox 1229 2061 1359 2099; x_wconf 77' lang='lat' dir='ltr'>praesepio</span> <span class='ocrx_word' id='word_1_690' title='bbox 1385 2062 1516 2100; x_wconf 87' lang='lat' dir='ltr'>nascitur,</span> <span class='ocrx_word' id='word_1_691' title='bbox 1532 2070 1558 2092; x_wconf 88' lang='lat' dir='ltr'>ct</span> <span class='ocrx_word' id='word_1_692' title='bbox 1582 2063 1610 2092; x_wconf 88' lang='lat' dir='ltr'>in</span> 
     </span>
     <span class='ocr_line' id='line_1_100' title="bbox 890 2101 1609 2144; baseline 0.013 -15"><span class='ocrx_word' id='word_1_693' title='bbox 890 2101 970 2130; x_wconf 90' lang='lat' dir='ltr'>domo</span> <span class='ocrx_word' id='word_1_694' title='bbox 985 2110 1061 2131; x_wconf 86' lang='lat' dir='ltr'>natus</span> <span class='ocrx_word' id='word_1_695' title='bbox 1073 2104 1212 2141; x_wconf 87' lang='lat' dir='ltr'>educatur,</span> <span class='ocrx_word' id='word_1_696' title='bbox 1226 2116 1308 2144; x_wconf 86' lang='lat' dir='ltr'>neque</span> <span class='ocrx_word' id='word_1_697' title='bbox 1318 2106 1428 2135; x_wconf 88' lang='lat' dir='ltr'>adultus</span> <span class='ocrx_word' id='word_1_698' title='bbox 1444 2108 1539 2137; x_wconf 89' lang='lat' dir='ltr'>habuit</span> <span class='ocrx_word' id='word_1_699' title='bbox 1561 2109 1609 2138; x_wconf 88' lang='lat' dir='ltr'>ubi</span> 
     </span>
     <span class='ocr_line' id='line_1_101' title="bbox 889 2149 1609 2188; baseline 0.013 -13"><span class='ocrx_word' id='word_1_700' title='bbox 889 2155 968 2186; x_wconf 78' lang='lat' dir='ltr'>caput</span> <span class='ocrx_word' id='word_1_701' title='bbox 989 2159 1067 2177; x_wconf 90' lang='lat' dir='ltr'>suum</span> <span class='ocrx_word' id='word_1_702' title='bbox 1080 2149 1230 2188; x_wconf 83' lang='lat' dir='ltr'>reclinaret,</span> <span class='ocrx_word' id='word_1_703' title='bbox 1253 2158 1280 2180; x_wconf 83' lang='lat' dir='ltr'>ut</span> <span class='ocrx_word' id='word_1_704' title='bbox 1295 2152 1337 2181; x_wconf 87' lang='lat' dir='ltr'>his</span> <span class='ocrx_word' id='word_1_705' title='bbox 1357 2153 1481 2182; x_wconf 81' lang='lat' dir='ltr'>omnibus</span> <span class='ocrx_word' id='word_1_706' title='bbox 1489 2161 1515 2183; x_wconf 84' lang='lat' dir='ltr'>te</span> <span class='ocrx_word' id='word_1_707' title='bbox 1525 2155 1609 2184; x_wconf 79' lang='lat' dir='ltr'>doce·</span> 
     </span>
     <span class='ocr_line' id='line_1_102' title="bbox 889 2195 1606 2240; baseline 0.014 -19"><span class='ocrx_word' id='word_1_708' title='bbox 889 2201 938 2229; x_wconf 80' lang='lat' dir='ltr'>iet,</span> <span class='ocrx_word' id='word_1_709' title='bbox 953 2200 982 2222; x_wconf 88' lang='lat' dir='ltr'>ut</span> <span class='ocrx_word' id='word_1_710' title='bbox 993 2205 1034 2223; x_wconf 87' lang='lat' dir='ltr'>res</span> <span class='ocrx_word' id='word_1_711' title='bbox 1050 2195 1127 2224; x_wconf 90' lang='lat' dir='ltr'>istius</span> <span class='ocrx_word' id='word_1_712' title='bbox 1151 2196 1214 2224; x_wconf 77' lang='lat' dir='ltr'>vitae</span> <span class='ocrx_word' id='word_1_713' title='bbox 1236 2197 1389 2236; x_wconf 85' lang='lat' dir='ltr'>splendidas</span> <span class='ocrx_word' id='word_1_714' title='bbox 1411 2199 1445 2228; x_wconf 81' lang='lat' dir='ltr'>ad</span> <span class='ocrx_word' id='word_1_715' title='bbox 1470 2207 1606 2240; x_wconf 86' lang='lat' dir='ltr'>stuporem</span> 
     </span>
     <span class='ocr_line' id='line_1_103' title="bbox 888 2238 1609 2276; baseline 0.017 -12"><span class='ocrx_word' id='word_1_716' title='bbox 888 2247 921 2265; x_wconf 88' lang='lat' dir='ltr'>ne</span> <span class='ocrx_word' id='word_1_717' title='bbox 942 2238 1056 2274; x_wconf 79' lang='lat' dir='ltr'>mireris,</span> <span class='ocrx_word' id='word_1_718' title='bbox 1070 2239 1228 2270; x_wconf 65' lang='lat' dir='ltr'>sedxilimis</span> <span class='ocrx_word' id='word_1_719' title='bbox 1250 2243 1410 2273; x_wconf 89' lang='lat' dir='ltr'>conditionis</span> <span class='ocrx_word' id='word_1_720' title='bbox 1432 2253 1536 2275; x_wconf 69' lang='lat' dir='ltr'>amator</span> <span class='ocrx_word' id='word_1_721' title='bbox 1549 2247 1609 2276; x_wconf 87' lang='lat' dir='ltr'>ubi—</span> 
     </span>
     <span class='ocr_line' id='line_1_104' title="bbox 888 2284 1606 2341; baseline 0.015 -30"><span class='ocrx_word' id='word_1_722' title='bbox 888 2294 938 2321; x_wconf 86' lang='lat' dir='ltr'>que</span> <span class='ocrx_word' id='word_1_723' title='bbox 949 2284 996 2322; x_wconf 90' lang='lat' dir='ltr'>sis,</span> <span class='ocrx_word' id='word_1_724' title='bbox 1012 2295 1043 2313; x_wconf 82' lang='lat' dir='ltr'>ae</span> <span class='ocrx_word' id='word_1_725' title='bbox 1063 2287 1228 2325; x_wconf 84' lang='lat' dir='ltr'>paupertatis</span> <span class='ocrx_word' id='word_1_726' title='bbox 1256 2289 1402 2341; x_wconf 80' lang='lat' dir='ltr'>studiosus,</span> <span class='ocrx_word' id='word_1_727' title='bbox 1422 2302 1505 2331; x_wconf 88' lang='lat' dir='ltr'>opum</span> <span class='ocrx_word' id='word_1_728' title='bbox 1519 2293 1606 2322; x_wconf 84' lang='lat' dir='ltr'>abun—</span> 
     </span>
    </p>
   </div>
   <div class='ocr_carea' id='block_1_18' title="bbox 1630 1557 1665 1573">
    <p class='ocr_par' dir='ltr' id='par_1_20' title="bbox 1630 1557 1665 1573">
     <span class='ocr_line' id='line_1_105' title="bbox 1630 1557 1665 1573; baseline 0.057 -2"><span class='ocrx_word' id='word_1_729' title='bbox 1630 1557 1665 1573; x_wconf 81' lang='lat' dir='ltr'>[O-</span> 
     </span>
    </p>
   </div>
   <div class='ocr_carea' id='block_1_19' title="bbox 887 2330 1732 2373">
    <p class='ocr_par' dir='ltr' id='par_1_21' title="bbox 887 2330 1732 2373">
     <span class='ocr_line' id='line_1_106' title="bbox 887 2330 1732 2373; baseline 0.012 -15"><span class='ocrx_word' id='word_1_730' title='bbox 887 2330 1008 2359; x_wconf 83' lang='lat' dir='ltr'>dantiam</span> <span class='ocrx_word' id='word_1_731' title='bbox 1025 2332 1118 2369; x_wconf 84' lang='lat' dir='ltr'>evites,</span> <span class='ocrx_word' id='word_1_732' title='bbox 1141 2340 1165 2362; x_wconf 88' lang='lat' dir='ltr'>ct</span> <span class='ocrx_word' id='word_1_733' title='bbox 1190 2333 1263 2363; x_wconf 85' lang='lat' dir='ltr'>intus</span> <span class='ocrx_word' id='word_1_734' title='bbox 1285 2336 1374 2364; x_wconf 86' lang='lat' dir='ltr'>ornari</span> <span class='ocrx_word' id='word_1_735' title='bbox 1394 2347 1478 2367; x_wconf 85' lang='lat' dir='ltr'>cur.es</span> <span class='ocrx_word' id='word_1_736' title='bbox 1505 2340 1606 2368; x_wconf 73' lang='lat' dir='ltr'>Omnis</span> <span class='ocrx_word' id='word_1_737' title='bbox 1618 2344 1683 2365; x_wconf 68' lang='grc' dir='ltr'>Ρει-ιΙ</span> <span class='ocrx_word' id='word_1_738' title='bbox 1694 2343 1732 2373; x_wconf 66' lang='lat'>4&#39;1</span> 
     </span>
    </p>
   </div>
   <div class='ocr_carea' id='block_1_20' title="bbox 886 2377 1655 2556">
    <p class='ocr_par' dir='ltr' id='par_1_22' title="bbox 886 2377 1655 2556">
     <span class='ocr_line' id='line_1_107' title="bbox 888 2377 1655 2421; baseline 0.012 -17"><span class='ocrx_word' id='word_1_739' title='bbox 888 2377 988 2416; x_wconf 85' lang='lat' dir='ltr'>quippe</span> <span class='ocrx_word' id='word_1_740' title='bbox 997 2378 1175 2417; x_wconf 81' lang='lat' dir='ltr'>gloriafiliae</span> <span class='ocrx_word' id='word_1_741' title='bbox 1185 2382 1260 2418; x_wconf 73' lang='lat' dir='ltr'>regis</span> <span class='ocrx_word' id='word_1_742' title='bbox 1272 2383 1309 2409; x_wconf 81' lang='lat' dir='ltr'>ab</span> <span class='ocrx_word' id='word_1_743' title='bbox 1323 2383 1402 2411; x_wconf 74' lang='lat' dir='ltr'>intus</span> <span class='ocrx_word' id='word_1_744' title='bbox 1413 2383 1521 2421; x_wconf 88' lang='lat' dir='ltr'>,inquit</span> <span class='ocrx_word' id='word_1_745' title='bbox 1534 2385 1606 2413; x_wconf 81' lang='lat' dir='ltr'>Scri-</span> <span class='ocrx_word' id='word_1_746' title='bbox 1621 2382 1655 2404; x_wconf 68' lang='lat'>¹⁴¹</span> 
     </span>
     <span class='ocr_line' id='line_1_108' title="bbox 887 2424 1606 2467; baseline 0.01 -16"><span class='ocrx_word' id='word_1_747' title='bbox 887 2430 974 2462; x_wconf 89' lang='lat' dir='ltr'>ptura.</span> <span class='ocrx_word' id='word_1_748' title='bbox 989 2424 1018 2453; x_wconf 88' lang='lat' dir='ltr'>Si</span> <span class='ocrx_word' id='word_1_749' title='bbox 1027 2425 1162 2464; x_wconf 88' lang='lat' dir='ltr'>proposito</span> <span class='ocrx_word' id='word_1_750' title='bbox 1173 2426 1256 2454; x_wconf 81' lang='lat' dir='ltr'>animi</span> <span class='ocrx_word' id='word_1_751' title='bbox 1265 2427 1303 2455; x_wconf 91' lang='lat' dir='ltr'>tui</span> <span class='ocrx_word' id='word_1_752' title='bbox 1313 2427 1505 2467; x_wconf 80' lang='lat' dir='ltr'>hospitalitatis</span> <span class='ocrx_word' id='word_1_753' title='bbox 1515 2440 1606 2458; x_wconf 85' lang='lat' dir='ltr'>amans</span> 
     </span>
     <span class='ocr_line' id='line_1_109' title="bbox 886 2469 1606 2512; baseline 0.01 -15"><span class='ocrx_word' id='word_1_754' title='bbox 886 2469 933 2505; x_wconf 87' lang='lat' dir='ltr'>sis,</span> <span class='ocrx_word' id='word_1_755' title='bbox 958 2480 1064 2499; x_wconf 88' lang='lat' dir='ltr'>omnem</span> <span class='ocrx_word' id='word_1_756' title='bbox 1090 2471 1280 2510; x_wconf 85' lang='lat' dir='ltr'>hospitalitatis</span> <span class='ocrx_word' id='word_1_757' title='bbox 1298 2473 1402 2502; x_wconf 86' lang='lat' dir='ltr'>thecam</span> <span class='ocrx_word' id='word_1_758' title='bbox 1419 2474 1516 2512; x_wconf 80' lang='lat' dir='ltr'>habes,</span> <span class='ocrx_word' id='word_1_759' title='bbox 1544 2475 1606 2503; x_wconf 87' lang='lat' dir='ltr'>licet</span> 
     </span>
     <span class='ocr_line' id='line_1_110' title="bbox 886 2515 1605 2556; baseline 0.007 -12"><span class='ocrx_word' id='word_1_760' title='bbox 886 2515 996 2545; x_wconf 86' lang='lat' dir='ltr'>obolum</span> <span class='ocrx_word' id='word_1_761' title='bbox 1007 2523 1111 2545; x_wconf 89' lang='lat' dir='ltr'>tantum</span> <span class='ocrx_word' id='word_1_762' title='bbox 1118 2518 1272 2556; x_wconf 75' lang='lat' dir='ltr'>possrdeas</span> <span class='ocrx_word' id='word_1_763' title='bbox 1281 2519 1322 2548; x_wconf 84' lang='lat' dir='ltr'>sin</span> <span class='ocrx_word' id='word_1_764' title='bbox 1337 2527 1426 2548; x_wconf 84' lang='lat' dir='ltr'>autem</span> <span class='ocrx_word' id='word_1_765' title='bbox 1440 2520 1605 2549; x_wconf 81' lang='lat' dir='ltr'>inhumanus</span> 
     </span>
    </p>
   </div>
   <div class='ocr_carea' id='block_1_21' title="bbox 62 2549 1604 2603">
    <p class='ocr_par' dir='ltr' id='par_1_23' title="bbox 62 2549 1604 2603">
     <span class='ocr_line' id='line_1_111' title="bbox 62 2549 1604 2603; baseline 0.01 -21"><span class='ocrx_word' id='word_1_766' title='bbox 62 2549 115 2594; x_wconf 66' lang='grc' dir='ltr'>εἶχε</span> <span class='ocrx_word' id='word_1_767' title='bbox 141 2555 227 2588; x_wconf 82' lang='grc' dir='ltr'>κίονας</span> <span class='ocrx_word' id='word_1_768' title='bbox 249 2557 499 2596; x_wconf 77' lang='grc' dir='ltr'>ἀπαστράπτοντας,</span> <span class='ocrx_word' id='word_1_769' title='bbox 512 2560 569 2587; x_wconf 84' lang='grc' dir='ltr'>ἀλλ’</span> <span class='ocrx_word' id='word_1_770' title='bbox 587 2561 642 2598; x_wconf 77' lang='grc' dir='ltr'>εἶχε</span> <span class='ocrx_word' id='word_1_771' title='bbox 656 2561 742 2599; x_wconf 72' lang='grc' dir='ltr'>ψυχῆς</span> <span class='ocrx_word' id='word_1_772' title='bbox 760 2561 827 2590; x_wconf 81' lang='grc' dir='ltr'>κάλ-</span> <span class='ocrx_word' id='word_1_773' title='bbox 848 2570 867 2593; x_wconf 74' lang='grc' dir='ltr'><strong>Α</strong></span> <span class='ocrx_word' id='word_1_774' title='bbox 887 2561 931 2599; x_wconf 86' lang='lat' dir='ltr'>sis,</span> <span class='ocrx_word' id='word_1_775' title='bbox 949 2569 975 2592; x_wconf 86' lang='lat' dir='ltr'>et</span> <span class='ocrx_word' id='word_1_776' title='bbox 987 2562 1107 2603; x_wconf 81' lang='lat' dir='ltr'>hospites</span> <span class='ocrx_word' id='word_1_777' title='bbox 1124 2563 1222 2602; x_wconf 80' lang='lat' dir='ltr'>oderis,</span> <span class='ocrx_word' id='word_1_778' title='bbox 1233 2564 1314 2595; x_wconf 87' lang='lat' dir='ltr'>licet</span> <span class='ocrx_word' id='word_1_779' title='bbox 1308 2566 1454 2594; x_wconf 81' lang='lat' dir='ltr'>innumeris</span> <span class='ocrx_word' id='word_1_780' title='bbox 1467 2565 1604 2596; x_wconf 81' lang='lat' dir='ltr'>rebuscir-</span> 
     </span>
    </p>
   </div>
   <div class='ocr_carea' id='block_1_22' title="bbox 1629 1520 1755 1542">
    <p class='ocr_par' dir='ltr' id='par_1_24' title="bbox 1629 1520 1755 1542">
     <span class='ocr_line' id='line_1_112' title="bbox 1629 1520 1755 1542; baseline 0.008 -1"><span class='ocrx_word' id='word_1_781' title='bbox 1629 1526 1647 1541; x_wconf 87' lang='lat' dir='ltr'>t.</span> <span class='ocrx_word' id='word_1_782' title='bbox 1662 1521 1720 1542; x_wconf 80' lang='lat' dir='ltr'>Tim.</span> <span class='ocrx_word' id='word_1_783' title='bbox 1733 1520 1755 1542; x_wconf 86' lang='lat'>5.</span> 
     </span>
    </p>
   </div>
  </div>
 </body>
</html>
