1830 2829
567 176 609 199 DE
635 177 755 200 (motus
784 178 815 200 m*
845 177 1154 201 '1'tttnL'tA'rt()Mnts.

85 237 209 275 κυμάτων
224 237 472 276 κατατολμήσαντες
482 261 489 273 ,
514 237 558 266 καὶ
582 240 711 277 ναυαγίων
738 242 854 280 συνεχῶν

85 282 269 322 ἀνασχόμενοι,
281 282 348 320 μετὰ
362 286 407 311 τοῦ
421 285 523 322 Οαῤῥεῖν
538 284 665 313 ἅπτονται
676 287 722 320 τῆς
734 286 854 320 τοιαύτης

83 328 249 366 ἀποδημίας·
264 328 332 357 οὕτω
347 329 379 363 δὴ
395 329 439 357 καὶ
451 331 466 363 ἠ
480 329 552 368 ψυχὴ
564 330 675 363 πολλοὺς
690 331 853 369 ὑπομείνασα

83 373 254 413 πειρασμοὺς,
279 373 323 402 καὶ
345 374 461 413 μεγάλας
485 375 583 413 θλίψεις
610 376 794 414 ἀνασχομένη,
826 377 851 404 ἐν

1558 187 1566 206 ¹
1578 187 1623 221 75)

909 240 957 268 Dei
967 251 1046 269 causa
1063 240 1207 270 tolerandae
1215 248 1276 269 sunt
1284 243 1422 282 expositae,
1434 251 1512 282 atque
1523 246 1548 273 in
1559 246 1623 285 ipsis

905 286 1038 322 enutritae,
1049 287 1118 315 sci-ro
1131 287 1187 326 ipso
1203 287 1244 315 vel
1257 287 1398 316 adamante
1407 289 1546 318 solidiores
1555 292 1623 320 fiunt

905 343 936 360 ac
951 333 1140 369 gvncnsiorcs,
1152 340 1177 361 et
1191 344 1222 361 ex
1235 345 1265 361 co
1280 333 1350 371 quod
1360 335 1466 363 assidue
1482 344 1621 371 xvxvntur,

905 377 1126 417 inexpugnabiles
1149 378 1309 408 adversariis
1331 380 1492 417 redduntur,
1508 389 1532 409 et
1548 382 1620 410 invi-

84 418 180 458 μελέτῃ
204 419 294 448 λοιπὸν
309 419 394 447 πόνων
409 420 453 448 καὶ
468 419 519 453 ἕξει
533 421 672 461 καρτερίας
687 422 853 457 καθίσταται,
870 433 888 454 Α
906 430 977 451 ctum
989 423 1132 462 quemdam
1144 425 1315 463 patientiaeae
1324 426 1489 455 fortitudinis
1499 427 1620 455 habitum

83 466 133 504 οὐχ
144 464 297 504 ὑπάρχουσα
312 465 456 505 ψοφοδεὴς,
478 466 535 495 οὐδὲ
557 467 711 503 εὐπτόητος,
729 468 787 496 οὐδὲ
807 479 852 496 τα-

85 509 229 548 ραττομένη
244 514 297 542 τοῖς
310 509 503 548 προσπίπτουσι
519 512 658 551 λυπηροῖς,
670 511 728 540 ἀλλ’
742 512 794 541 ἀπὸ
806 514 852 547 τῆς

83 557 205 594 συνεχοῦς
216 555 361 594 γυμνασίας
380 558 431 584 τῶν
451 556 647 594 συμὸαινόντιιψ
658 579 665 592 ,
680 556 724 585 καὶ
739 559 785 591 τῆς
801 569 851 586 πυ-

83 602 145 635 κνῆς
157 600 267 638 μελέτης
282 602 333 629 τῶν
345 601 502 640 γινομένων,
519 602 585 640 μετὰ
600 603 698 636 πολλῆς
710 605 757 637 τῆς
776 605 850 632 εὐκο-

81 645 140 678 λίας
152 645 256 674 ἅπαντα
271 647 385 686 φέρουσα
400 647 432 676 τὰ
451 649 558 676 ἐπιόντα
579 648 657 676 δεινά.
670 649 755 677 Τοῦτο
766 649 850 678 τοίνυν

81 692 95 719 ὁ
109 690 186 730 σοφὸς
207 693 368 731 ἀρχιτέκτων
392 694 439 727 τῆς
464 693 582 732 οὐρανίου
602 693 734 726 πολιτείας
747 695 850 730 δηλῶν,

80 737 166 776 ἔλεγεν
181 748 187 755 ·
201 739 241 766 Οὐ
264 737 341 775 μόνον
362 738 402 775 δὲ,
425 739 492 767 ἀλλὰ
507 738 550 767 καὶ
565 739 726 778 καυχώμεθα
743 741 770 768 ἐν
792 744 850 773 ταῖς

81 782 197 822 Ολίψεσιν
212 794 218 800 ·
233 782 273 812 ὅτι
287 783 337 822 πρὸ
357 786 404 819 τῆς
427 784 559 822 βασιλείας
582 785 627 813 καὶ
649 787 700 813 τῶν
723 785 848 824 οὐρανίων

80 828 213 867 στεφάνων
228 828 350 868 μέγιστον
363 832 479 859 ἐντεῦθεν
494 830 666 869 καρπούμεθα
685 832 728 860 τὸν
747 831 848 870 μισθὸν,

80 873 133 902 ἀπὸ
150 877 195 903 τοῦ
212 876 326 914 συνεχῶς
344 875 478 904 θλίὲεσθαι
494 877 720 917 καρτερικωτέρας
742 880 787 912 τῆς
802 880 851 917 ψυ-

79 921 129 958 χῆς
142 921 218 958 ἡμῶν
236 920 373 959 γινομένης
382 944 389 957 ,
406 921 451 950 καὶ
462 924 514 950 τῶν
526 924 659 961 λογισμῶν
676 924 848 963 ἰσχυροτέρων

79 966 355 1004 κατασκευαζομένων.
370 969 453 997 Ταῦτ’
467 963 510 996 οὖν
532 968 636 998 ἅπαντα
658 969 769 1006 εἰδότες,
785 972 848 1009 ἁγα-

79 1011 158 1045 πητοὶ
168 1034 175 1047 ,
189 1011 309 1051 φέρωμεν
327 1013 451 1050 γενναίως
465 1013 497 1042 τὰ
513 1014 713 1053 προσπίπτοντα
733 1017 849 1055 λυπηρὰ,

80 1056 123 1085 διά
134 1069 162 1086 τε
174 1057 203 1085 τὸ
216 1059 252 1097 τῷ
267 1060 328 1097 Θεῷ
344 1059 432 1088 δοκοῦν
442 1081 449 1095 ,
463 1059 507 1088 καὶ
522 1060 565 1088 ἐπὶ
584 1063 621 1100 τῷ
641 1061 762 1101 ἡμετέρῳ
779 1074 849 1100 συμ-

79 1101 195 1141 φέροντι,
210 1103 255 1131 καὶ
267 1103 304 1142 μὴ
316 1103 437 1142 ἀλύωμεν
446 1127 453 1140 ,
467 1105 534 1143 μήτε
547 1106 738 1144 ἀναπίπτωμεν
751 1109 783 1146 τῇ
795 1110 847 1137 τῶν

78 1150 233 1187 πειρασμῶν
249 1149 385 1187 ἐπαγωγῇ,
399 1150 466 1179 ἀλλὰ
479 1151 523 1179 καὶ
537 1151 603 1189 μετὰ
613 1152 732 1190 ἀνδρείας
745 1153 849 1188 ἁπάσης

78 1194 227 1231 ἱστάμενοι,
239 1195 437 1234 εὖχαριστῶμεν
456 1198 494 1235 τῷ
506 1197 568 1235 Θεῷ
582 1197 706 1232 διηνεκῶς
718 1198 783 1237 ὑπὲρ
797 1211 849 1228 πα·

77 1241 130 1268 σῶν
146 1241 197 1267 τῶν
210 1240 244 1272 εἰς
257 1242 326 1278 ἡμᾶς
337 1240 497 1279 τελουμένων
513 1243 674 1280 εὐεργεσιῶν,
686 1242 727 1271 ἵνα
742 1243 846 1272 καὶτῶν

76 1284 212 1322 παρόντων
224 1285 414 1324 ἀπολαύσωμεν
430 1288 548 1325 ἀγαθῶν,
565 1288 610 1316 καὶ
630 1291 681 1317 τῶν
695 1289 846 1326 μελλουσῶν

75 1328 241 1368 ἔπι-τύχωμεν
255 1331 371 1370 δωρεῶν,
383 1332 474 1371 χάριτι
485 1333 529 1361 καὶ
541 1335 684 1372 οἰκτιρμοῑς
699 1334 744 1362 καὶ
759 1336 847 1373 φιλαν-

76 1375 178 1413 θρωπία
191 1379 236 1404 τοῦ
248 1376 342 1415 Κυρίου
353 1380 429 1415 ἡμῶν
444 1377 531 1414 Ἰησοῦ
548 1380 676 1418 Χριστοῦ,
692 1380 749 1417 μεθ’
766 1376 795 1408 οὗ
807 1382 844 1420 τῷ

74 1419 162 1458 Πατρὶ
173 1419 232 1453 δόξα
249 1422 294 1450 καὶ
309 1424 338 1452 τὸ
353 1423 460 1462 κράτος,
473 1425 529 1462 ἅμα
541 1427 578 1464 τῷ
590 1425 656 1466 ἁγίῳ
668 1426 712 1454 καὶ
725 1427 844 1466 ζωοποιῷ

75 1464 211 1503 Πνεύματι
221 1488 229 1501 ,
248 1470 292 1495 νῦν
314 1468 359 1498 καὶ
383 1469 437 1506 ἀεὶ,
461 1470 505 1499 καὶ
528 1472 563 1504 εἰς
584 1471 644 1505 τοὺς
668 1473 764 1505 αἰῶνας
790 1473 843 1500 τῶν

75 1509 185 1539 αἰώνων.
199 1510 291 1549 Ἀμήν.

905 469 1058 507 acquirunt.
1074 470 1109 498 Et
1130 470 1359 508 quemadmodum
1383 472 1412 507 ii,
1428 472 1473 510 qui
1490 484 1551 501 cum
1568 473 1621 511 pri-

904 525 977 543 mum
987 515 1077 544 navim
1089 517 1278 551 conscendunt,
1289 524 1415 546 nauseant
1423 525 1448 546 et
1459 519 1554 558 capitis
1562 530 1621 548 vcr-

905 560 987 599 tigine
1002 561 1132 598 laborant,
1142 562 1242 590 turbati
1257 573 1287 591 ac
1303 563 1410 591 fastidio
1427 564 1542 603 correpti
1557 577 1561 591 :
1574 565 1620 602 qui

901 616 963 635 vero
972 606 1056 635 multa
1067 607 1199 646 longaque
1212 608 1364 637 mariasunt
1379 610 1489 644 emensi,
1501 610 1546 648 qui
1558 611 1619 639 mil—

901 652 949 680 lies
965 663 992 681 se
1010 653 1136 681 fluctibus
1145 653 1480 691 audactereonnnisemnt,
1491 662 1516 684 et
1526 656 1618 685 crebra

900 706 962 727 sunt
973 700 1043 738 passi
1059 700 1215 737 naufragia,
1230 700 1469 739 peregrinationem
1488 702 1618 741 ejusmodi

899 744 1064 774 confidenter
1072 746 1283 784 aggrediuntur:
1294 746 1331 775 sic
1340 746 1468 775 nimirum
1477 755 1501 776 et
1513 748 1600 776 anima
1608 771 1618 786 ,

899 801 957 828 quae
972 791 1070 819 multas
1083 791 1209 820 sustinuit
1222 792 1388 827 tentationes,
1399 799 1423 820 et
1437 804 1546 831 magnas
1555 805 1618 833 per-

900 835 962 864 tulit
975 836 1142 871 afflictiones,
1158 837 1297 866 laboribus
1313 837 1438 878 deinceps
1460 841 1617 877 assuefacta,

899 888 925 909 et
938 881 990 910 sibi
1001 889 1154 921 comparato
1170 883 1263 911 habitu
1281 883 1423 922 patientiae,
1440 896 1490 913 non
1502 885 1619 924 amplius

899 934 937 956 est
953 927 1118 964 meticulosa,
1136 939 1184 956 nec
1199 929 1345 957 terroribus
1366 929 1494 966 obnoxia,
1508 941 1556 959 nec
1579 931 1617 959 in-

899 973 1058 1012 gruentibus
1081 974 1159 1002 malis
1181 974 1308 1003 turbatur
1324 987 1330 1002 :
1346 975 1393 1003 sed
1407 975 1514 1004 assidua
1530 987 1619 1005 rerum

899 1029 958 1056 quse
970 1018 1096 1048 accidunt
1107 1019 1308 1055 exercitatione,
1320 1031 1350 1049 ac
1364 1021 1493 1059 frequenti
1509 1032 1619 1050 casuum

899 1065 1071 1093 meditatione
1086 1065 1224 1101 roborata,
1235 1077 1409 1105 quaecumque
1420 1067 1563 1106 insurgunt
1578 1068 1619 1096 in—

899 1110 1039 1139 commoda
1057 1112 1107 1140 sert
1122 1112 1260 1140 facillime.
1278 1112 1335 1140 ttoc
1350 1112 1438 1151 itaque
1452 1113 1555 1152 peritus
1573 1113 1619 1142 ille

899 1156 1009 1184 caelestis
1033 1157 1242 1185 conversationis
1257 1158 1419 1186 architectus
1438 1158 1561 1187 indicans
1576 1159 1618 1187 di-

899 1201 975 1230 cebat
988 1214 994 1229 z
1007 1203 1074 1231 Non
1086 1203 1179 1230 solum
1200 1209 1307 1238 (tillem,
1333 1205 1386 1232 sed
1402 1211 1429 1232 et
1448 1205 1611 1243 gloriamur

898 1249 930 1274 in
950 1249 1189 1277 tribulationibus
1204 1261 1212 1275 .·
1229 1249 1355 1287 quoniam
1370 1257 1429 1278 ante
1446 1250 1521 1289 regni
1537 1261 1616 1279 coro-

898 1304 1049 1332 narumque
1059 1295 1202 1323 cazlestium
1216 1294 1383 1334 adeptionem
1395 1296 1544 1324 maximum
1554 1296 1616 1325 liinc

896 1340 1039 1378 praemium
1064 1347 1240 1379 reportamus,
1261 1341 1327 1369 dum
1342 1352 1390 1380 per
1404 1341 1525 1370 assiduas
1545 1343 1617 1371 ami>

897 1385 996 1413 ctiones
1008 1386 1164 1414 tolerantior
1174 1387 1264 1414 anima
1275 1394 1364 1414 nostra
1376 1386 1508 1423 redditur,
1523 1395 1549 1416 et
1569 1399 1615 1416 ra-

896 1430 932 1459 tio
947 1431 1042 1459 sortior
1055 1431 1158 1462 evadit,
1172 1431 1234 1460 Haec
1252 1432 1334 1470 igitur
1350 1433 1439 1461 onmia
1461 1444 1522 1461 eum
1538 1434 1615 1462 nobis

895 1477 1033 1515 explorata
1044 1477 1108 1512 sint,
1118 1477 1296 1513 dilectissimi,
1307 1488 1431 1516 generose
1441 1489 1615 1518 quzceumque

893 1522 1019 1550 accidunt
1039 1522 1150 1551 adversa
1164 1523 1307 1551 toleremus
1316 1546 1324 1561 ,
1338 1524 1422 1561 quod,
1433 1535 1494 1552 cum
1510 1525 1545 1553 ita
1557 1526 1614 1554 Deo

892 1567 982 1596 visum
996 1568 1084 1604 fuerit,
1100 1568 1134 1597 ad
1151 1568 1295 1597 utilitatem
1309 1576 1426 1597 nostram
1439 1569 1466 1598 id
1481 1570 1540 1608 fiat,
1566 1582 1614 1600 ne-

892 1624 944 1651 que
957 1625 1030 1653 spem
1051 1614 1222 1653 abjiciamus,
1242 1625 1289 1643 nec
1311 1615 1409 1644 animis
1425 1615 1610 1655 concidamus,

889 1659 1066 1689 afflictionum
1093 1660 1265 1699 impressione
1288 1661 1423 1700 prostrati,
1439 1661 1487 1690 sed
1509 1662 1614 1692 fortiter

889 1711 988 1733 stantes
1006 1716 1056 1744 pro
1082 1705 1186 1734 collatis
1208 1706 1236 1735 in
1258 1717 1306 1735 nos
1321 1706 1457 1735 beneficiis
1482 1715 1611 1747 perpetuo

889 1751 989 1789 gratias
1005 1752 1061 1780 Deo
1076 1762 1198 1790 agamus,
1211 1759 1240 1780 ut
1254 1759 1279 1780 et
1291 1753 1468 1791 praesentilms
1482 1754 1607 1783 fruamur

887 1799 965 1827 honis
979 1806 1004 1828 et
1015 1800 1104 1828 sutura
1118 1800 1187 1828 dona
1201 1811 1403 1839 consequamur,
1415 1802 1511 1840 gratia,
1523 1803 1603 1831 mise-

887 1844 1012 1881 ricordia,
1022 1851 1046 1873 et
1060 1845 1225 1884 benignitate
1235 1846 1345 1875 Domini
1357 1847 1440 1875 nostri
1448 1849 1511 1877 Jesu
1525 1848 1606 1876 Chri-

887 1890 931 1927 sti,
943 1901 1005 1919 cum
1017 1901 1070 1929 quo
1084 1891 1157 1920 Patri
1170 1891 1255 1930 gloria
1265 1899 1290 1921 et
1303 1892 1459 1932 imperium,
1472 1894 1607 1931 simulque

886 1943 976 1965 saneto
989 1947 1020 1965 ae
1034 1937 1149 1966 vivifico
1163 1937 1291 1976 Spiritui,
1302 1948 1373 1966 nunc
1383 1945 1409 1966 et
1417 1949 1533 1978 semper,
1544 1939 1606 1968 etin

888 1982 985 2010 saecula
1001 1982 1172 2011 saeculorum.
1185 1984 1278 2011 Amen.

1650 1258 1766 1279 Prwmium

1656 1288 1767 1317 justorum
1783 1294 1788 1301 ³

1627 1320 1649 1340 in
1663 1321 1701 1340 liae
1713 1322 1765 1341 vita.
