1807 2810
197 178 263 213 900
520 177 548 199 S.
577 177 715 200 JOANle
742 176 921 199 CHRYSOST.
951 176 1105 198 ARCntEP.
1134 176 1399 198 CONSTANTINOP-

237 237 358 277 Explicit
373 237 486 276 epistula
505 238 574 274 (sic)
594 239 666 266 beati
680 238 790 268 Joannis
804 238 905 276 episco-

195 283 223 322 pi
236 282 520 322 Constantinopolitani
535 283 569 310 ad
584 283 728 311 Caesarium
746 282 906 311 monachum

194 336 313 368 tempore
335 328 443 357 secundi
463 329 551 358 exsilii
569 328 619 357 sui.
645 331 729 357 Amen
742 328 793 356 :ita
807 328 906 367 legitur

194 374 315 403 fideliter.

742 598 1150 659 MONITUM

367 739 419 773 IN
455 738 783 784 SEQUENTEM
820 738 1132 773 ORATIONEM
1167 735 1540 771 cunrsosroiu

631 862 668 889 IN
691 860 846 890 LAUDEM
871 859 1024 889 DIODORI
1047 859 1247 889 TARSENSIS
1263 882 1270 895 ,

259 969 295 986 ΕΤ
316 967 347 986 ΙΝ
371 966 582 985 FRAGMENTUM
605 965 696 984 AthD
720 965 749 983 IN
773 964 895 983 LAEDEM
918 964 1039 982 Diononl
1064 964 1101 981 EX
1124 964 1258 982 FACUNDO
1281 964 1483 982 HERMIANENSI
1508 964 1657 982 EDL'CTUM.

194 1076 360 1103 Orationem
374 1074 500 1102 Ioannis
514 1073 717 1108 Chrysostomi
731 1073 763 1099 in
777 1070 937 1099 Diodorum
949 1070 1040 1098 edidit
1052 1071 1126 1098 idem
1140 1070 1291 1098 Emericus
1303 1071 1433 1108 Bigotiics
1442 1076 1505 1108 post
1518 1071 1613 1098 Vitam
1625 1071 1722 1106 Chry-

231 1120 406 1157 sostmniper
417 1118 600 1151 Palladium,
616 1123 642 1144 et
655 1123 724 1144 ante
736 1116 888 1154 epistolam
900 1117 940 1144 ad
953 1116 1121 1144 Caesarium.
1140 1116 1194 1143 Cui
1204 1115 1287 1143 illam
1300 1116 1510 1153 subjungimus,
1524 1117 1558 1143 1'1'5
1567 1118 1722 1153 prwmissis

232 1175 295 1203 ‹111ae
308 1165 331 1192 B
336 1165 438 1202 ''gotins
453 1163 605 1202 praefinita

231 1284 244 1297 (ι
253 1271 313 1299 Jam
328 1280 400 1304 vero,
411 1269 507 1306 inquit,
521 1275 550 1296 ut
561 1267 666 1296 lectoris
674 1267 792 1295 animum
802 1266 836 1294 ab
846 1265 1011 1294 atrocissima
1020 1272 1045 1293 et
1055 1265 1220 1303 iniquissima
1232 1265 1491 1304 conspi1·ationc.qua
1503 1265 1722 1304 Clu-ysostomum

191 1316 312 1349 obruere,
330 1316 439 1353 ejusque
454 1314 552 1342 samam
566 1324 596 1341 ae
610 1313 765 1341 memoriam
778 1312 946 1349 exstinguere
959 1317 1068 1339 conatus
1089 1317 1128 1338 est
1148 1311 1327 1349 Theophilus,
1344 1311 1471 1349 tantisper
1485 1317 1627 1339 averterem
1642 1317 1667 1338 et
1682 1321 1723 1338 re-

191 1371 318 1394 crearem,
338 1359 448 1389 ,Ioannis
470 1359 551 1387 nostri
576 1358 722 1387 orationem
744 1357 884 1395 subjunxi,
899 1367 980 1395 quam
995 1357 1021 1384 in
1042 1356 1149 1385 laudem
1170 1356 1283 1385 Diodori
1299 1357 1438 1385 Tarsensis
1449 1356 1565 1395 episcopi
1580 1356 1724 1394 aliquando

192 1406 324 1434 recitarit.
334 1406 417 1444 Cujus
432 1404 582 1442 eloquentia
592 1411 617 1432 et
628 1403 745 1431 suavitas
755 1409 865 1437 tantam,
875 1409 903 1430 ut
918 1412 1002 1441 spero,
1014 1402 1163 1440 legentibus
1177 1401 1260 1440 pariet
1275 1402 1448 1441 voluptatem,
1457 1408 1485 1430 ut
1496 1401 1564 1429 nihil
1577 1401 1603 1429 in
1616 1412 1645 1430 ea
1658 1412 1724 1440 prae-

192 1459 231 1480 ter
246 1451 403 1479 brevitatem
420 1450 470 1477 sint
488 1448 650 1477 damnaturi.
667 1448 803 1476 Orationis
819 1455 1005 1485 argumentum
1026 1447 1077 1475 tale
1092 1454 1138 1475 est.
1164 1447 1324 1475 Concionem
1338 1447 1470 1475 habuerat
1492 1446 1643 1482 Diodorus,
1658 1453 1683 1474 et
1697 1447 1724 1474 in

191 1497 284 1525 laudes
295 1495 405 1525 Joannis
418 1502 502 1523 totum
514 1505 540 1522 sc
550 1493 691 1528 effuderat,
710 1504 771 1521 curn
782 1494 883 1522 Joanne
895 1493 1022 1531 Baptista,
1031 1500 1055 1520 et
1068 1492 1150 1520 Mosis
1163 1493 1250 1531 virga,
1259 1500 1283 1521 et
1295 1503 1359 1522 voce
1368 1492 1493 1521 Ecclesiae
1505 1503 1565 1520 eum
1576 1492 1723 1520 conserens:

192 1542 249 1581 ipse
262 1541 373 1569 eximias
390 1547 414 1568 ct
429 1539 564 1568 modestice
579 1550 631 1567 suae
647 1549 770 1567 onerosas
786 1538 877 1566 laudes
891 1545 1039 1573 aversatus,
1052 1548 1095 1566 eas
1109 1538 1135 1565 in
1154 1538 1304 1566 Diodorum
1320 1537 1460 1566 refundere
1480 1537 1575 1566 voluit.
1590 1538 1683 1575 ltaque
1699 1537 1725 1564 in

193 1586 315 1625 proxime
330 1584 447 1622 sequenti
467 1584 591 1612 concione
614 1583 739 1616 ostendit,
755 1590 824 1611 tanta
838 1583 969 1622 praeconia
985 1583 1103 1611 Diodoro
1116 1583 1264 1619 convenire,
1278 1594 1330 1611 non
1345 1584 1407 1611 sibi.
1425 1584 1585 1612 Contextum
1600 1584 1725 1611 Graecum

194 1631 329 1670 depromsi
343 1641 376 1658 ex
391 1630 553 1658 bibliotheca
578 1629 726 1665 Vaticana3
743 1629 788 1657 sed
808 1639 869 1656 eum
893 1629 981 1656 Latini
1001 1629 1069 1667 juris
1084 1629 1132 1656 feci
1143 1641 1148 1655 z
1160 1640 1175 1657 a
1191 1639 1243 1666 quo
1258 1629 1348 1657 labore
1366 1629 1479 1656 libenter
1490 1628 1687 1665 abstinuissem,
1704 1628 1725 1656 si

194 1677 297 1714 integra
311 1675 382 1714 apud
392 1675 548 1703 Facundum
565 1674 783 1702 Hermianensem
798 1675 950 1712 episcopum
963 1675 1106 1702 exstitisset
1118 1675 1243 1702 orationis
1257 1674 1338 1713 hujus
1352 1674 1543 1713 interpretatio.
1556 1674 1623 1701 Cum
1638 1681 1727 1702 autem

196 1723 232 1750 ibi
248 1722 401 1760 imperfecta
415 1721 460 1757 sit,
477 1720 557 1749 verba
572 1730 629 1747 mea
641 1719 728 1747 verbis
742 1720 842 1757 antiq-ui
859 1719 1009 1758 interpretis
1026 1719 1134 1747 miscere
1145 1719 1210 1747 mihi
1223 1719 1317 1757 religio
1330 1719 1391 1746 fuit.
1410 1722 1444 1747 At
1458 1730 1520 1747 vero
1537 1730 1569 1747 ne
1590 1726 1643 1747 tam
1661 1729 1726 1758 pre-

196 1768 263 1796 tiosa
279 1775 303 1795 et
319 1773 495 1803 tamretusta,
514 1773 542 1794 ut
555 1766 591 1793 ita
607 1765 711 1802 loquar,
724 1765 871 1803 fragmenta
885 1765 929 1793 hie
942 1765 1167 1801 desiderarentur,
1185 1775 1213 1792 ea
1229 1764 1370 1802 unicuique
1382 1764 1484 1803 paginae
1496 1764 1627 1803 subjicere
1640 1774 1726 1803 operae

198 1814 313 1853 pretium
325 1812 392 1840 duxi
418 1824 431 1838 η

237 1860 343 1886 Annum
355 1867 406 1895 quo
420 1857 487 1884 lianc
503 1857 654 1885 concionem
668 1855 763 1884 habuit
779 1855 996 1895 Chrysostomus,
1011 1855 1103 1883 statuit
1119 1855 1309 1883 Tillemontius
1323 1856 1391 1890 592,
1402 1866 1483 1893 quam
1499 1855 1624 1894 temporis
1638 1862 1725 1884 notam

198 1916 244 1933 nec
260 1904 427 1942 impugnare,
442 1913 488 1930 nec
503 1909 531 1930 ut
546 1902 653 1930 omnino
669 1909 766 1930 certam
777 1901 917 1929 defendere
930 1902 1001 1929 licet.
1015 1901 1168 1929 Orationem
1180 1902 1234 1939 jam
1251 1901 1379 1929 habuerat
1394 1901 1527 1929 Diodorus
1542 1901 1568 1928 in
1583 1912 1634 1939 qua
1647 1902 1727 1930 Joan-

199 1960 258 1977 neni
274 1949 495 1987 Clirysostoinum
508 1947 634 1975 laudibus
649 1948 790 1982 extulerat,
803 1954 922 1985 utsupra
937 1946 1039 1975 dictum
1050 1954 1096 1975 est.
1107 1947 1313 1985 Clirysostomus
1327 1957 1389 1974 vero
1404 1946 1515 1975 laudum
1530 1947 1639 1975 minime
1653 1947 1728 1985 cupi-

199 1995 260 2031 dus,
273 2005 334 2022 suas
346 1994 395 2033 ipsi
408 1992 499 2021 laudes
515 1992 631 2021 reddidit
643 1999 667 2020 et
677 1992 822 2020 orationem
834 1992 917 2020 texuit
932 1992 1129 2029 brevissimam,
1140 1992 1202 2030 quia
1213 1999 1271 2031 post
1283 1992 1360 2019 illum
1373 1992 1464 2020 eadem
1475 1992 1730 2020 dieconcionaturus

200 2040 287 2068 denuo
303 2046 357 2067 erat
370 2038 515 2074 Diodorus,
530 2045 558 2066 ut
573 2038 644 2066 clare
655 2038 710 2077 ipse
723 2038 809 2065 innuit
821 2037 846 2065 in
861 2038 911 2065 line
926 2037 1054 2076 ἐγκωμίου
1070 2037 1125 2065 sive
1141 2037 1323 2065 oratiunculae.
1341 2039 1415 2065 More
1430 2037 1527 2076 quippe
1542 2044 1675 2076 receptum
1688 2038 1729 2066 vi-

200 2084 288 2112 dimus
300 2084 456 2117 Antiochiae,
471 2090 499 2111 ut
520 2083 611 2111 eadem
628 2083 672 2111 die
685 2083 710 2110 in
731 2083 874 2120 eademque
883 2082 1055 2111 ecelesiaduo
1066 2082 1292 2111 concionarentur.
1302 2082 1437 2111 Diodorus
1446 2093 1508 2111 vero
1516 2083 1655 2121 episcopus
1664 2083 1731 2110 Tar-

201 2129 293 2164 sensis,
309 2129 354 2166 qui
370 2129 434 2156 olim
449 2129 533 2156 fuerat
553 2127 662 2157 Joannis
678 2128 860 2167 Clirysostomi
884 2128 1019 2165 magister⁷
1043 2128 1156 2156 libenter
1174 2128 1207 2155 ad
1224 2128 1252 2156 id
1272 2127 1352 2156 oflicii
1368 2127 1570 2163 admittebatur,
1586 2129 1648 2165 quia
1665 2127 1729 2155 olim

202 2175 341 2214 presbyter
354 2174 532 2201 Antioclienus
546 2173 571 2201 id
585 2173 701 2201 muneris
715 2173 762 2201 diu
778 2180 932 2202 exercuerat
944 2184 1010 2210 :quo
1029 2180 1147 2211 tempore
1156 2173 1246 2201 Ariani
1260 2184 1319 2201 cum
1332 2173 1488 2200 auctoritate
1503 2173 1649 2211 plurimum
1659 2173 1730 2201 vale-

157 2233 192 2252 747
203 2227 269 2255 rent,
279 2220 430 2248 Catliolicos
446 2219 613 2248 infestabant.
625 2220 662 2248 Iis
678 2230 737 2247 cum
749 2220 853 2247 fortiter
863 2219 1001 2247 obsisteret
1016 2218 1202 2247 Diodorus.ab
1213 2218 1329 2253 Arianis,
1338 2218 1425 2255 inquit
1437 2218 1642 2256 Chrysostoinus
1651 2217 1729 2251 infra,

203 2276 272 2304 swpe
287 2265 378 2303 pulsus
400 2271 448 2298 est,
467 2275 537 2302 safpe
554 2264 580 2291 in
595 2264 744 2302 perieulum
759 2264 854 2303 capitis
875 2265 957 2299 venit,
970 2276 999 2293 ac
1014 2265 1033 2293 si
1053 2275 1104 2292 non
1120 2275 1157 2299 re,
1174 2264 1265 2291 saltem
1283 2264 1419 2303 proposito
1435 2271 1536 2303 martyr
1551 2264 1610 2298 fuit,
1623 2270 1652 2290 ut
1665 2262 1730 2291 dicit

204 2311 260 2350 ipse
274 2310 492 2348 Clirysostonius,
506 2316 562 2336 tuni
576 2310 600 2336 in
613 2310 731 2338 oratione
746 2311 875 2348 sequenti,
885 2318 940 2338 tun]
954 2313 978 2339 in
994 2311 1141 2347 fragmento
1155 2309 1226 2347 quod
1242 2309 1281 2337 illi
1296 2309 1476 2348 subjungitur.
1493 2310 1597 2337 Partem
1605 2308 1732 2337 orationis

205 2356 298 2384 Latine
310 2365 463 2384 conversam
479 2354 569 2382 retulit
592 2355 733 2383 Facundus
750 2356 947 2384 Hermianensis
959 2356 1098 2396 episcopus
1112 2355 1160 2383 lib.
1170 2356 1200 2393 4,
1215 2366 1237 2384 c.
1252 2357 1281 2393 5⁴2,
1298 2365 1377 2393 quam
1394 2365 1440 2383 nos
1452 2355 1477 2382 in
1493 2355 1545 2382 ima
1559 2354 1656 2393 pagina
1669 2364 1731 2382 con-

205 2401 351 2435 stituimus,
363 2407 392 2428 ut
402 2401 457 2438 jam
474 2399 594 2437 Bigotius
610 2400 713 2428 fecerat.

246 2446 367 2475 Orationi
381 2446 444 2473 huic
460 2446 638 2483 fragmentum
656 2445 733 2473 alind
758 2446 962 2485 subjungimus,
977 2458 990 2475 a
1011 2447 1137 2476 Facundo
1164 2445 1346 2474 Hermianensi
1363 2445 1463 2474 ibidem
1478 2444 1599 2476 allatum.
1616 2444 1733 2472 Pertinet

206 2503 268 2520 vero
278 2491 311 2519 ad
327 2490 471 2519 llomiliam
484 2489 626 2528 quamdam
639 2490 823 2528 Clnrysostomi
837 2491 862 2519 in
872 2492 1027 2521 solennitate
1036 2493 1188 2531 Martyrum
1200 2501 1329 2529 :quorum
1342 2491 1477 2519 occasione
1488 2489 1635 2518 Diodorum
1646 2489 1734 2528 ipsum.

208 2544 352 2576 martyrem
364 2536 489 2575 appellat,
504 2546 533 2563 ac
551 2546 600 2573 pro
616 2545 688 2563 more
699 2535 798 2563 laudat.
