<?xml version="1.0" encoding="UTF-8"?>
<!DOCTYPE html PUBLIC "-//W3C//DTD XHTML 1.0 Transitional//EN"
    "http://www.w3.org/TR/xhtml1/DTD/xhtml1-transitional.dtd">
<html xmlns="http://www.w3.org/1999/xhtml" xml:lang="en" lang="en">
 <head>
  <title>
</title>
<meta http-equiv="Content-Type" content="text/html;charset=utf-8" />
  <meta name='ocr-system' content='tesseract 3.04.00' />
  <meta name='ocr-capabilities' content='ocr_page ocr_carea ocr_par ocr_line ocrx_word'/>
</head>
<body>
  <div class='ocr_page' id='page_1' title='image "./operaomniaquaeex03johnuoft/operaomniaquaeex03johnuoft_0651.png"; bbox 0 0 1840 2839; ppageno 0'>
   <div class='ocr_carea' id='block_1_1' title="bbox 769 184 947 208">
    <p class='ocr_par' dir='ltr' id='par_1_1' title="bbox 769 184 947 208">
     <span class='ocr_line' id='line_1_1' title="bbox 769 184 947 208; baseline 0.006 -2"><span class='ocrx_word' id='word_1_1' title='bbox 769 184 947 208; x_wconf 65' lang='lat' dir='ltr'>EPtS&#39;rOLJ-t.</span> 
     </span>
    </p>
   </div>
   <div class='ocr_carea' id='block_1_2' title="bbox 89 245 867 2020">
    <p class='ocr_par' dir='ltr' id='par_1_2' title="bbox 89 245 867 2020">
     <span class='ocr_line' id='line_1_2' title="bbox 99 245 866 285; baseline -0.001 -10"><span class='ocrx_word' id='word_1_2' title='bbox 99 258 153 281; x_wconf 82' lang='grc' dir='ltr'>νος,</span> <span class='ocrx_word' id='word_1_3' title='bbox 164 246 190 279; x_wconf 88' lang='grc' dir='ltr'>ὃς</span> <span class='ocrx_word' id='word_1_4' title='bbox 205 246 300 278; x_wconf 83' lang='grc' dir='ltr'>ἀδίκως</span> <span class='ocrx_word' id='word_1_5' title='bbox 314 245 528 274; x_wconf 80' lang='grc' dir='ltr'>ὑποκαθίσταται.</span> <span class='ocrx_word' id='word_1_6' title='bbox 545 245 580 274; x_wconf 87' lang='grc' dir='ltr'>’Ό</span> <span class='ocrx_word' id='word_1_7' title='bbox 593 257 618 273; x_wconf 83' lang='grc' dir='ltr'>τι</span> <span class='ocrx_word' id='word_1_8' title='bbox 631 245 675 274; x_wconf 79' lang='grc' dir='ltr'>καὶ</span> <span class='ocrx_word' id='word_1_9' title='bbox 687 246 802 285; x_wconf 73' lang='grc' dir='ltr'>περὶτῆς</span> <span class='ocrx_word' id='word_1_10' title='bbox 815 248 866 274; x_wconf 80' lang='grc' dir='ltr'>τῶν</span> 
     </span>
     <span class='ocr_line' id='line_1_3' title="bbox 99 291 865 331; baseline 0.001 -12"><span class='ocrx_word' id='word_1_11' title='bbox 99 292 214 321; x_wconf 82' lang='grc' dir='ltr'>κανόνων</span> <span class='ocrx_word' id='word_1_12' title='bbox 227 292 418 331; x_wconf 77' lang='grc' dir='ltr'>παραφυλακῆς</span> <span class='ocrx_word' id='word_1_13' title='bbox 428 313 435 325; x_wconf 90' lang='grc'>,</span> <span class='ocrx_word' id='word_1_14' title='bbox 452 291 552 324; x_wconf 79' lang='grc' dir='ltr'>τούτοις</span> <span class='ocrx_word' id='word_1_15' title='bbox 567 291 618 319; x_wconf 84' lang='grc' dir='ltr'>δεῖν</span> <span class='ocrx_word' id='word_1_16' title='bbox 640 291 747 320; x_wconf 78' lang='grc' dir='ltr'>ἕπεσθαι</span> <span class='ocrx_word' id='word_1_17' title='bbox 764 291 865 331; x_wconf 66' lang='grc' dir='ltr'>γράφο-</span> 
     </span>
     <span class='ocr_line' id='line_1_4' title="bbox 100 333 867 377; baseline 0.001 -12"><span class='ocrx_word' id='word_1_18' title='bbox 100 349 157 375; x_wconf 85' lang='grc' dir='ltr'>μεν,</span> <span class='ocrx_word' id='word_1_19' title='bbox 173 337 264 370; x_wconf 74' lang='grc' dir='ltr'>οἵτινες</span> <span class='ocrx_word' id='word_1_20' title='bbox 284 339 309 366; x_wconf 82' lang='grc' dir='ltr'>ἐν</span> <span class='ocrx_word' id='word_1_21' title='bbox 333 337 431 377; x_wconf 73' lang='grc' dir='ltr'>Νικαία</span> <span class='ocrx_word' id='word_1_22' title='bbox 450 337 514 366; x_wconf 84' lang='grc' dir='ltr'>εἰσὶν</span> <span class='ocrx_word' id='word_1_23' title='bbox 539 337 695 375; x_wconf 77' lang='grc' dir='ltr'>ὡρισμένοι,</span> <span class='ocrx_word' id='word_1_24' title='bbox 721 333 757 370; x_wconf 68' lang='grc' dir='ltr'>οἷς</span> <span class='ocrx_word' id='word_1_25' title='bbox 780 337 867 375; x_wconf 84' lang='grc' dir='ltr'>μόνοις</span> 
     </span>
     <span class='ocr_line' id='line_1_5' title="bbox 99 382 866 422; baseline 0.001 -12"><span class='ocrx_word' id='word_1_26' title='bbox 99 382 196 422; x_wconf 70' lang='grc' dir='ltr'>ὀφείλει</span> <span class='ocrx_word' id='word_1_27' title='bbox 210 382 385 416; x_wconf 75' lang='grc' dir='ltr'>ἐξακολουθεῖν</span> <span class='ocrx_word' id='word_1_28' title='bbox 396 385 412 417; x_wconf 88' lang='grc' dir='ltr'>ἡ</span> <span class='ocrx_word' id='word_1_29' title='bbox 428 382 553 418; x_wconf 81' lang='grc' dir='ltr'>καθολικὴ</span> <span class='ocrx_word' id='word_1_30' title='bbox 569 383 716 418; x_wconf 68' lang='grc' dir='ltr'>Ἰὶκκλησία</span> <span class='ocrx_word' id='word_1_31' title='bbox 727 405 734 418; x_wconf 89' lang='grc'>,</span> <span class='ocrx_word' id='word_1_32' title='bbox 751 383 795 412; x_wconf 81' lang='grc' dir='ltr'>καὶ</span> <span class='ocrx_word' id='word_1_33' title='bbox 809 383 866 411; x_wconf 86' lang='grc' dir='ltr'>τού-</span> 
     </span>
     <span class='ocr_line' id='line_1_6' title="bbox 99 428 865 468; baseline 0.001 -12"><span class='ocrx_word' id='word_1_34' title='bbox 99 439 156 461; x_wconf 83' lang='grc' dir='ltr'>τους</span> <span class='ocrx_word' id='word_1_35' title='bbox 170 428 312 467; x_wconf 80' lang='grc' dir='ltr'>γνωρίζειν.</span> <span class='ocrx_word' id='word_1_36' title='bbox 329 430 361 457; x_wconf 75' lang='lat' dir='ltr'>Ei</span> <span class='ocrx_word' id='word_1_37' title='bbox 376 429 402 457; x_wconf 80' lang='grc' dir='ltr'>δὲ</span> <span class='ocrx_word' id='word_1_38' title='bbox 418 428 501 467; x_wconf 78' lang='grc' dir='ltr'>ἕτεροι</span> <span class='ocrx_word' id='word_1_39' title='bbox 515 428 564 457; x_wconf 78' lang='grc' dir='ltr'>ὑπό</span> <span class='ocrx_word' id='word_1_40' title='bbox 584 441 661 457; x_wconf 87' lang='grc' dir='ltr'>τινων</span> <span class='ocrx_word' id='word_1_41' title='bbox 676 429 865 468; x_wconf 63' lang='grc' dir='ltr'>προφέρονται,</span> 
     </span>
     <span class='ocr_line' id='line_1_7' title="bbox 98 473 866 514; baseline 0 -12"><span class='ocrx_word' id='word_1_42' title='bbox 98 473 189 508; x_wconf 76' lang='grc' dir='ltr'>οἵτινες</span> <span class='ocrx_word' id='word_1_43' title='bbox 206 475 257 504; x_wconf 83' lang='grc' dir='ltr'>ἀπὸ</span> <span class='ocrx_word' id='word_1_44' title='bbox 271 477 322 503; x_wconf 72' lang='grc' dir='ltr'>τῶν</span> <span class='ocrx_word' id='word_1_45' title='bbox 338 475 453 504; x_wconf 81' lang='grc' dir='ltr'>κανόνων</span> <span class='ocrx_word' id='word_1_46' title='bbox 476 477 526 503; x_wconf 73' lang='grc' dir='ltr'>τῶν</span> <span class='ocrx_word' id='word_1_47' title='bbox 542 476 567 503; x_wconf 79' lang='grc' dir='ltr'>ἐν</span> <span class='ocrx_word' id='word_1_48' title='bbox 580 474 680 514; x_wconf 46' lang='lat' dir='ltr'>Nimia}</span> <span class='ocrx_word' id='word_1_49' title='bbox 694 476 866 513; x_wconf 70' lang='grc' dir='ltr'>διαφωνοῦσι,</span> 
     </span>
     <span class='ocr_line' id='line_1_8' title="bbox 98 515 866 560; baseline 0 -12"><span class='ocrx_word' id='word_1_50' title='bbox 98 519 143 548; x_wconf 75' lang='grc' dir='ltr'>καὶ</span> <span class='ocrx_word' id='word_1_51' title='bbox 168 521 218 550; x_wconf 83' lang='grc' dir='ltr'>ὑπὸ</span> <span class='ocrx_word' id='word_1_52' title='bbox 243 521 381 560; x_wconf 81' lang='grc' dir='ltr'>αἱρετικῶν</span> <span class='ocrx_word' id='word_1_53' title='bbox 406 520 557 559; x_wconf 76' lang='grc' dir='ltr'>ἐλέγχονται</span> <span class='ocrx_word' id='word_1_54' title='bbox 583 520 770 560; x_wconf 63' lang='grc' dir='ltr'>συντετάχθαι,</span> <span class='ocrx_word' id='word_1_55' title='bbox 797 515 866 548; x_wconf 61' lang='grc' dir='ltr'>οὗτοι</span> 
     </span>
     <span class='ocr_line' id='line_1_9' title="bbox 97 564 865 604; baseline 0.001 -11"><span class='ocrx_word' id='word_1_56' title='bbox 97 564 170 604; x_wconf 75' lang='grc' dir='ltr'>παρὰ</span> <span class='ocrx_word' id='word_1_57' title='bbox 192 567 244 593; x_wconf 81' lang='grc' dir='ltr'>τῶν</span> <span class='ocrx_word' id='word_1_58' title='bbox 263 568 407 595; x_wconf 86' lang='grc' dir='ltr'>καθολικῶν</span> <span class='ocrx_word' id='word_1_59' title='bbox 431 566 580 595; x_wconf 82' lang='grc' dir='ltr'>ἐπισκόπων</span> <span class='ocrx_word' id='word_1_60' title='bbox 598 566 809 595; x_wconf 68' lang='grc' dir='ltr'>ἁποὸάλλωνται.</span> <span class='ocrx_word' id='word_1_61' title='bbox 822 567 847 594; x_wconf 84' lang='grc' dir='ltr'><strong>Τ</strong></span> <span class='ocrx_word' id='word_1_62' title='bbox 849 565 865 594; x_wconf 78' lang='grc' dir='ltr'>ὰ</span> 
     </span>
     <span class='ocr_line' id='line_1_10' title="bbox 97 610 866 651; baseline 0 -11"><span class='ocrx_word' id='word_1_63' title='bbox 97 610 148 650; x_wconf 87' lang='grc' dir='ltr'>γὰρ</span> <span class='ocrx_word' id='word_1_64' title='bbox 162 611 212 640; x_wconf 81' lang='grc' dir='ltr'>ὑπὸ</span> <span class='ocrx_word' id='word_1_65' title='bbox 221 612 272 640; x_wconf 81' lang='grc' dir='ltr'>τῶν</span> <span class='ocrx_word' id='word_1_66' title='bbox 284 614 421 651; x_wconf 78' lang='grc' dir='ltr'>αἱρετικῶν</span> <span class='ocrx_word' id='word_1_67' title='bbox 434 612 582 651; x_wconf 75' lang='grc' dir='ltr'>εὑρεθέντα,</span> <span class='ocrx_word' id='word_1_68' title='bbox 593 615 675 640; x_wconf 72' lang='grc' dir='ltr'>ταῦτα</span> <span class='ocrx_word' id='word_1_69' title='bbox 688 613 734 640; x_wconf 82' lang='grc' dir='ltr'>οὐκ</span> <span class='ocrx_word' id='word_1_70' title='bbox 747 611 802 640; x_wconf 79' lang='grc' dir='ltr'>ἔστι</span> <span class='ocrx_word' id='word_1_71' title='bbox 813 616 866 644; x_wconf 85' lang='grc' dir='ltr'>τοῖς</span> 
     </span>
     <span class='ocr_line' id='line_1_11' title="bbox 97 657 864 697; baseline 0 -13"><span class='ocrx_word' id='word_1_72' title='bbox 97 657 242 689; x_wconf 82' lang='grc' dir='ltr'>καθολικοῖς</span> <span class='ocrx_word' id='word_1_73' title='bbox 255 657 345 686; x_wconf 81' lang='grc' dir='ltr'>κανόσι</span> <span class='ocrx_word' id='word_1_74' title='bbox 357 657 517 697; x_wconf 79' lang='grc' dir='ltr'>προσάπτειν</span> <span class='ocrx_word' id='word_1_75' title='bbox 527 669 532 675; x_wconf 92' lang='grc'><em>·</em></span> <span class='ocrx_word' id='word_1_76' title='bbox 551 657 591 686; x_wconf 78' lang='grc' dir='ltr'>ἀεὶ</span> <span class='ocrx_word' id='word_1_77' title='bbox 608 657 658 695; x_wconf 85' lang='grc' dir='ltr'>γὰρ</span> <span class='ocrx_word' id='word_1_78' title='bbox 674 657 716 685; x_wconf 77' lang='grc' dir='ltr'>διὰ</span> <span class='ocrx_word' id='word_1_79' title='bbox 730 658 782 684; x_wconf 82' lang='grc' dir='ltr'>τῶν</span> <span class='ocrx_word' id='word_1_80' title='bbox 794 658 864 685; x_wconf 84' lang='grc' dir='ltr'>ε’ναν-</span> 
     </span>
     <span class='ocr_line' id='line_1_12' title="bbox 96 701 863 742; baseline 0 -13"><span class='ocrx_word' id='word_1_81' title='bbox 96 701 158 730; x_wconf 84' lang='grc' dir='ltr'>τίων</span> <span class='ocrx_word' id='word_1_82' title='bbox 173 702 216 731; x_wconf 76' lang='grc' dir='ltr'>καὶ</span> <span class='ocrx_word' id='word_1_83' title='bbox 229 703 349 741; x_wconf 79' lang='grc' dir='ltr'>ἀθέσμων</span> <span class='ocrx_word' id='word_1_84' title='bbox 361 703 409 738; x_wconf 79' lang='grc' dir='ltr'>τὴν</span> <span class='ocrx_word' id='word_1_85' title='bbox 428 705 479 731; x_wconf 77' lang='grc' dir='ltr'>τῶν</span> <span class='ocrx_word' id='word_1_86' title='bbox 500 705 526 731; x_wconf 87' lang='grc' dir='ltr'>ἐν</span> <span class='ocrx_word' id='word_1_87' title='bbox 547 703 646 742; x_wconf 73' lang='grc' dir='ltr'>Νικαίᾳ</span> <span class='ocrx_word' id='word_1_88' title='bbox 661 705 748 740; x_wconf 78' lang='grc' dir='ltr'>μειοῦν</span> <span class='ocrx_word' id='word_1_89' title='bbox 769 701 863 739; x_wconf 76' lang='grc' dir='ltr'>βουλὴν</span> 
     </span>
     <span class='ocr_line' id='line_1_13' title="bbox 96 745 864 787; baseline 0 -12"><span class='ocrx_word' id='word_1_90' title='bbox 96 747 236 777; x_wconf 77' lang='grc' dir='ltr'>ἐθέλουσιν.</span> <span class='ocrx_word' id='word_1_91' title='bbox 250 749 289 777; x_wconf 89' lang='grc' dir='ltr'>Οὐ</span> <span class='ocrx_word' id='word_1_92' title='bbox 303 749 380 787; x_wconf 88' lang='grc' dir='ltr'>μόνον</span> <span class='ocrx_word' id='word_1_93' title='bbox 395 745 437 776; x_wconf 64' lang='grc' dir='ltr'>οὖν</span> <span class='ocrx_word' id='word_1_94' title='bbox 449 748 559 786; x_wconf 80' lang='grc' dir='ltr'>λέγομεν</span> <span class='ocrx_word' id='word_1_95' title='bbox 572 747 671 780; x_wconf 78' lang='grc' dir='ltr'>τούτοις</span> <span class='ocrx_word' id='word_1_96' title='bbox 688 747 725 786; x_wconf 80' lang='grc' dir='ltr'>μὴ</span> <span class='ocrx_word' id='word_1_97' title='bbox 740 748 792 775; x_wconf 80' lang='grc' dir='ltr'>δεῖν</span> <span class='ocrx_word' id='word_1_98' title='bbox 807 746 864 780; x_wconf 80' lang='grc' dir='ltr'>ἐξα-</span> 
     </span>
     <span class='ocr_line' id='line_1_14' title="bbox 96 792 863 833; baseline 0.001 -13"><span class='ocrx_word' id='word_1_99' title='bbox 96 794 235 827; x_wconf 85' lang='grc' dir='ltr'>κολουθεῖν,</span> <span class='ocrx_word' id='word_1_100' title='bbox 250 794 318 822; x_wconf 80' lang='grc' dir='ltr'>ἀλλὰ</span> <span class='ocrx_word' id='word_1_101' title='bbox 338 795 437 831; x_wconf 78' lang='grc' dir='ltr'>μᾶλλον</span> <span class='ocrx_word' id='word_1_102' title='bbox 457 793 546 826; x_wconf 78' lang='grc' dir='ltr'>αὐτοὺς</span> <span class='ocrx_word' id='word_1_103' title='bbox 570 792 636 831; x_wconf 74' lang='grc' dir='ltr'>μετὰ</span> <span class='ocrx_word' id='word_1_104' title='bbox 659 795 795 833; x_wconf 77' lang='grc' dir='ltr'>αἱρετικῶν</span> <span class='ocrx_word' id='word_1_105' title='bbox 818 792 863 821; x_wconf 72' lang='grc' dir='ltr'>καὶ</span> 
     </span>
     <span class='ocr_line' id='line_1_15' title="bbox 96 835 863 880; baseline 0 -12"><span class='ocrx_word' id='word_1_106' title='bbox 96 841 280 878; x_wconf 48' lang='grc' dir='ltr'>οἹ-ισματικίῦν</span> <span class='ocrx_word' id='word_1_107' title='bbox 300 840 437 878; x_wconf 82' lang='grc' dir='ltr'>δογμάτων</span> <span class='ocrx_word' id='word_1_108' title='bbox 451 835 517 868; x_wconf 70' lang='grc' dir='ltr'>εἶναι</span> <span class='ocrx_word' id='word_1_109' title='bbox 529 839 714 880; x_wconf 82' lang='grc' dir='ltr'>κατακριτέους</span> <span class='ocrx_word' id='word_1_110' title='bbox 723 862 730 875; x_wconf 91' lang='grc'>,</span> <span class='ocrx_word' id='word_1_111' title='bbox 744 839 863 879; x_wconf 81' lang='grc' dir='ltr'>καθάπερ</span> 
     </span>
     <span class='ocr_line' id='line_1_16' title="bbox 95 885 862 926; baseline 0 -13"><span class='ocrx_word' id='word_1_112' title='bbox 95 885 140 914; x_wconf 78' lang='grc' dir='ltr'>καὶ</span> <span class='ocrx_word' id='word_1_113' title='bbox 154 885 277 925; x_wconf 86' lang='grc' dir='ltr'>πρότερον</span> <span class='ocrx_word' id='word_1_114' title='bbox 293 886 394 925; x_wconf 81' lang='grc' dir='ltr'>γέγονεν</span> <span class='ocrx_word' id='word_1_115' title='bbox 409 888 435 915; x_wconf 84' lang='grc' dir='ltr'>ἐν</span> <span class='ocrx_word' id='word_1_116' title='bbox 451 889 483 925; x_wconf 80' lang='grc' dir='ltr'>τῇ</span> <span class='ocrx_word' id='word_1_117' title='bbox 501 887 619 926; x_wconf 83' lang='grc' dir='ltr'>Σαρδικῇ</span> <span class='ocrx_word' id='word_1_118' title='bbox 635 886 733 925; x_wconf 78' lang='grc' dir='ltr'>συνόδῳ</span> <span class='ocrx_word' id='word_1_119' title='bbox 748 885 798 914; x_wconf 78' lang='grc' dir='ltr'>ὑπὸ</span> <span class='ocrx_word' id='word_1_120' title='bbox 811 887 862 914; x_wconf 80' lang='grc' dir='ltr'>τῶν</span> 
     </span>
     <span class='ocr_line' id='line_1_17' title="bbox 95 931 863 971; baseline 0.001 -12"><span class='ocrx_word' id='word_1_121' title='bbox 95 931 146 970; x_wconf 73' lang='grc' dir='ltr'>πρὸ</span> <span class='ocrx_word' id='word_1_122' title='bbox 156 933 231 969; x_wconf 81' lang='grc' dir='ltr'>ἡμῶν</span> <span class='ocrx_word' id='word_1_123' title='bbox 242 931 402 960; x_wconf 80' lang='grc' dir='ltr'>ἐπισκόπων.</span> <span class='ocrx_word' id='word_1_124' title='bbox 412 932 456 961; x_wconf 77' lang='grc' dir='ltr'>Τὰ</span> <span class='ocrx_word' id='word_1_125' title='bbox 467 932 518 971; x_wconf 76' lang='grc' dir='ltr'>γὰρ</span> <span class='ocrx_word' id='word_1_126' title='bbox 527 933 612 964; x_wconf 82' lang='grc' dir='ltr'>καλῶς</span> <span class='ocrx_word' id='word_1_127' title='bbox 622 932 772 971; x_wconf 71' lang='grc' dir='ltr'>πραχθέντα</span> <span class='ocrx_word' id='word_1_128' title='bbox 783 943 863 960; x_wconf 85' lang='grc' dir='ltr'>κατα-</span> 
     </span>
     <span class='ocr_line' id='line_1_18' title="bbox 95 976 862 1017; baseline 0.003 -13"><span class='ocrx_word' id='word_1_129' title='bbox 95 976 228 1016; x_wconf 79' lang='grc' dir='ltr'>κρίνεσθαι</span> <span class='ocrx_word' id='word_1_130' title='bbox 245 978 344 1015; x_wconf 80' lang='grc' dir='ltr'>μᾶλλον</span> <span class='ocrx_word' id='word_1_131' title='bbox 358 979 500 1017; x_wconf 63' lang='grc' dir='ltr'>προσῆκεν,</span> <span class='ocrx_word' id='word_1_132' title='bbox 513 976 530 1012; x_wconf 81' lang='grc' dir='ltr'>ἢ</span> <span class='ocrx_word' id='word_1_133' title='bbox 546 978 665 1016; x_wconf 81' lang='grc' dir='ltr'>ἄντικρυς</span> <span class='ocrx_word' id='word_1_134' title='bbox 680 979 731 1006; x_wconf 84' lang='grc' dir='ltr'>τῶν</span> <span class='ocrx_word' id='word_1_135' title='bbox 747 976 862 1006; x_wconf 83' lang='grc' dir='ltr'>κανόνων</span> 
     </span>
     <span class='ocr_line' id='line_1_19' title="bbox 94 1022 862 1062; baseline 0.003 -11"><span class='ocrx_word' id='word_1_136' title='bbox 94 1022 220 1062; x_wconf 72' lang='grc' dir='ltr'>γενόμενα</span> <span class='ocrx_word' id='word_1_137' title='bbox 235 1022 303 1062; x_wconf 76' lang='grc' dir='ltr'>ἔχειν</span> <span class='ocrx_word' id='word_1_138' title='bbox 314 1023 373 1051; x_wconf 82' lang='grc' dir='ltr'>τινὰ</span> <span class='ocrx_word' id='word_1_139' title='bbox 388 1023 563 1061; x_wconf 65' lang='grc' dir='ltr'>βείαιότητα,</span> <span class='ocrx_word' id='word_1_140' title='bbox 578 1023 683 1062; x_wconf 61' lang='grc' dir='ltr'>ἀδελφοὶ</span> <span class='ocrx_word' id='word_1_141' title='bbox 697 1024 862 1061; x_wconf 76' lang='grc' dir='ltr'>τιμιώτατοι.</span> 
     </span>
     <span class='ocr_line' id='line_1_20' title="bbox 94 1068 863 1109; baseline 0.001 -12"><span class='ocrx_word' id='word_1_142' title='bbox 94 1068 174 1098; x_wconf 79' lang='grc' dir='ltr'>Ἀλλὰ</span> <span class='ocrx_word' id='word_1_143' title='bbox 187 1069 213 1097; x_wconf 92' lang='grc' dir='ltr'>τί</span> <span class='ocrx_word' id='word_1_144' title='bbox 227 1069 295 1098; x_wconf 83' lang='grc' dir='ltr'>κατὰ</span> <span class='ocrx_word' id='word_1_145' title='bbox 306 1071 357 1098; x_wconf 85' lang='grc' dir='ltr'>τῶν</span> <span class='ocrx_word' id='word_1_146' title='bbox 372 1069 495 1099; x_wconf 88' lang='grc' dir='ltr'>τοιούτων</span> <span class='ocrx_word' id='word_1_147' title='bbox 510 1073 553 1098; x_wconf 83' lang='grc' dir='ltr'>ν’ῡν</span> <span class='ocrx_word' id='word_1_148' title='bbox 568 1071 593 1098; x_wconf 86' lang='grc' dir='ltr'>ἐν</span> <span class='ocrx_word' id='word_1_149' title='bbox 604 1072 642 1109; x_wconf 78' lang='grc' dir='ltr'>τῷ</span> <span class='ocrx_word' id='word_1_150' title='bbox 657 1070 767 1109; x_wconf 84' lang='grc' dir='ltr'>παρόντι</span> <span class='ocrx_word' id='word_1_151' title='bbox 783 1069 863 1104; x_wconf 73' lang='grc' dir='ltr'>ποιή-</span> 
     </span>
     <span class='ocr_line' id='line_1_21' title="bbox 95 1115 863 1154; baseline 0.001 -11"><span class='ocrx_word' id='word_1_152' title='bbox 95 1127 198 1153; x_wconf 85' lang='grc' dir='ltr'>σωμεν;</span> <span class='ocrx_word' id='word_1_153' title='bbox 212 1115 352 1154; x_wconf 74' lang='grc' dir='ltr'>Ἀναγκαία</span> <span class='ocrx_word' id='word_1_154' title='bbox 377 1116 432 1144; x_wconf 74' lang='grc' dir='ltr'>ἐστὶ</span> <span class='ocrx_word' id='word_1_155' title='bbox 454 1116 591 1154; x_wconf 80' lang='grc' dir='ltr'>διάγνωσις</span> <span class='ocrx_word' id='word_1_156' title='bbox 614 1116 748 1151; x_wconf 78' lang='grc' dir='ltr'>συνοδικὴ,</span> <span class='ocrx_word' id='word_1_157' title='bbox 767 1116 798 1150; x_wconf 77' lang='grc' dir='ltr'>ἣν</span> <span class='ocrx_word' id='word_1_158' title='bbox 818 1116 863 1145; x_wconf 80' lang='grc' dir='ltr'>καὶ</span> 
     </span>
     <span class='ocr_line' id='line_1_22' title="bbox 94 1160 862 1201; baseline 0.003 -13"><span class='ocrx_word' id='word_1_159' title='bbox 94 1160 177 1188; x_wconf 72' lang='grc' dir='ltr'>πάλαι</span> <span class='ocrx_word' id='word_1_160' title='bbox 201 1160 298 1199; x_wconf 77' lang='grc' dir='ltr'>ἔφημεν</span> <span class='ocrx_word' id='word_1_161' title='bbox 322 1161 537 1200; x_wconf 81' lang='grc' dir='ltr'>συναθροιστέαν·</span> <span class='ocrx_word' id='word_1_162' title='bbox 559 1161 625 1199; x_wconf 87' lang='grc' dir='ltr'>μόνη</span> <span class='ocrx_word' id='word_1_163' title='bbox 642 1162 693 1201; x_wconf 78' lang='grc' dir='ltr'>γάρ</span> <span class='ocrx_word' id='word_1_164' title='bbox 715 1163 784 1190; x_wconf 80' lang='grc' dir='ltr'>ἐστιν</span> <span class='ocrx_word' id='word_1_165' title='bbox 804 1162 862 1197; x_wconf 80' lang='grc' dir='ltr'>ἥτις</span> 
     </span>
     <span class='ocr_line' id='line_1_23' title="bbox 94 1205 861 1241; baseline 0.001 -7"><span class='ocrx_word' id='word_1_166' title='bbox 94 1205 201 1234; x_wconf 77' lang='grc' dir='ltr'>δύναται</span> <span class='ocrx_word' id='word_1_167' title='bbox 217 1206 262 1238; x_wconf 84' lang='grc' dir='ltr'>τὰς</span> <span class='ocrx_word' id='word_1_168' title='bbox 277 1206 390 1241; x_wconf 84' lang='grc' dir='ltr'>κινήσεις</span> <span class='ocrx_word' id='word_1_169' title='bbox 404 1209 456 1235; x_wconf 79' lang='grc' dir='ltr'>τῶν</span> <span class='ocrx_word' id='word_1_170' title='bbox 474 1207 597 1236; x_wconf 79' lang='grc' dir='ltr'>τοιούτων</span> <span class='ocrx_word' id='word_1_171' title='bbox 618 1208 788 1236; x_wconf 77' lang='grc' dir='ltr'>καταστεῖλαι</span> <span class='ocrx_word' id='word_1_172' title='bbox 811 1219 861 1235; x_wconf 82' lang='grc' dir='ltr'>κα-</span> 
     </span>
     <span class='ocr_line' id='line_1_24' title="bbox 92 1247 860 1293; baseline 0.004 -15"><span class='ocrx_word' id='word_1_173' title='bbox 92 1250 231 1289; x_wconf 76' lang='grc' dir='ltr'>ταιγίδων·</span> <span class='ocrx_word' id='word_1_174' title='bbox 246 1247 277 1286; x_wconf 69' lang='grc' dir='ltr'>ἧς</span> <span class='ocrx_word' id='word_1_175' title='bbox 292 1251 335 1280; x_wconf 80' lang='grc' dir='ltr'>ἵνα</span> <span class='ocrx_word' id='word_1_176' title='bbox 347 1252 477 1291; x_wconf 75' lang='grc' dir='ltr'>τύχωμεν,</span> <span class='ocrx_word' id='word_1_177' title='bbox 490 1253 621 1292; x_wconf 75' lang='grc' dir='ltr'>χρήσιμόν</span> <span class='ocrx_word' id='word_1_178' title='bbox 633 1254 688 1281; x_wconf 84' lang='grc' dir='ltr'>ἐστι</span> <span class='ocrx_word' id='word_1_179' title='bbox 703 1253 767 1286; x_wconf 79' lang='grc' dir='ltr'>τέως</span> <span class='ocrx_word' id='word_1_180' title='bbox 780 1255 860 1293; x_wconf 76' lang='grc' dir='ltr'>ὓπερ-</span> 
     </span>
     <span class='ocr_line' id='line_1_25' title="bbox 91 1295 860 1336; baseline 0.004 -12"><span class='ocrx_word' id='word_1_181' title='bbox 91 1295 208 1325; x_wconf 86' lang='grc' dir='ltr'>τίθεσθαι</span> <span class='ocrx_word' id='word_1_182' title='bbox 222 1296 269 1332; x_wconf 82' lang='grc' dir='ltr'>τὴν</span> <span class='ocrx_word' id='word_1_183' title='bbox 285 1297 400 1336; x_wconf 82' lang='grc' dir='ltr'>ἰατρείαν</span> <span class='ocrx_word' id='word_1_184' title='bbox 417 1300 449 1336; x_wconf 81' lang='grc' dir='ltr'>τῇ</span> <span class='ocrx_word' id='word_1_185' title='bbox 471 1298 593 1336; x_wconf 77' lang='grc' dir='ltr'>βουλήσει</span> <span class='ocrx_word' id='word_1_186' title='bbox 606 1302 650 1327; x_wconf 80' lang='grc' dir='ltr'>τοῦ</span> <span class='ocrx_word' id='word_1_187' title='bbox 666 1298 780 1336; x_wconf 82' lang='grc' dir='ltr'>μεγάλου</span> <span class='ocrx_word' id='word_1_188' title='bbox 791 1300 860 1328; x_wconf 71' lang='grc' dir='ltr'>Θεοῦ</span> 
     </span>
     <span class='ocr_line' id='line_1_26' title="bbox 92 1342 860 1382; baseline 0.003 -12"><span class='ocrx_word' id='word_1_189' title='bbox 92 1342 137 1370; x_wconf 82' lang='grc' dir='ltr'>καὶ</span> <span class='ocrx_word' id='word_1_190' title='bbox 150 1344 195 1370; x_wconf 77' lang='grc' dir='ltr'>τοῦ</span> <span class='ocrx_word' id='word_1_191' title='bbox 212 1343 326 1381; x_wconf 78' lang='grc' dir='ltr'>Χριστοῦ</span> <span class='ocrx_word' id='word_1_192' title='bbox 341 1344 418 1371; x_wconf 79' lang='grc' dir='ltr'>αὐτοῦ</span> <span class='ocrx_word' id='word_1_193' title='bbox 433 1346 477 1371; x_wconf 82' lang='grc' dir='ltr'>τοῦ</span> <span class='ocrx_word' id='word_1_194' title='bbox 490 1343 587 1382; x_wconf 83' lang='grc' dir='ltr'>Κυρίου</span> <span class='ocrx_word' id='word_1_195' title='bbox 602 1346 687 1382; x_wconf 81' lang='grc' dir='ltr'>ἡμῶν.</span> <span class='ocrx_word' id='word_1_196' title='bbox 703 1343 797 1372; x_wconf 81' lang='grc' dir='ltr'>Πάντα</span> <span class='ocrx_word' id='word_1_197' title='bbox 812 1343 860 1373; x_wconf 74' lang='grc' dir='ltr'>ὅσα</span> 
     </span>
     <span class='ocr_line' id='line_1_27' title="bbox 91 1383 860 1428; baseline 0.003 -12"><span class='ocrx_word' id='word_1_198' title='bbox 91 1383 134 1416; x_wconf 62' lang='grc' dir='ltr'>οἷον</span> <span class='ocrx_word' id='word_1_199' title='bbox 150 1390 188 1426; x_wconf 79' lang='grc' dir='ltr'>τῷ</span> <span class='ocrx_word' id='word_1_200' title='bbox 203 1387 287 1427; x_wconf 77' lang='grc' dir='ltr'>φθόνῳ</span> <span class='ocrx_word' id='word_1_201' title='bbox 302 1391 347 1417; x_wconf 78' lang='grc' dir='ltr'>τοῦ</span> <span class='ocrx_word' id='word_1_202' title='bbox 362 1388 482 1417; x_wconf 71' lang='grc' dir='ltr'>διαὸόλου</span> <span class='ocrx_word' id='word_1_203' title='bbox 492 1389 556 1428; x_wconf 84' lang='grc' dir='ltr'>πρὸς</span> <span class='ocrx_word' id='word_1_204' title='bbox 570 1389 617 1425; x_wconf 76' lang='grc' dir='ltr'>τὴν</span> <span class='ocrx_word' id='word_1_205' title='bbox 631 1391 683 1417; x_wconf 79' lang='grc' dir='ltr'>τῶν</span> <span class='ocrx_word' id='word_1_206' title='bbox 702 1392 801 1418; x_wconf 82' lang='grc' dir='ltr'>πιστῶν</span> <span class='ocrx_word' id='word_1_207' title='bbox 817 1391 860 1419; x_wconf 83' lang='grc' dir='ltr'>δο-</span> 
     </span>
     <span class='ocr_line' id='line_1_28' title="bbox 91 1433 859 1474; baseline 0.001 -12"><span class='ocrx_word' id='word_1_208' title='bbox 91 1433 216 1471; x_wconf 82' lang='grc' dir='ltr'>κιμασίαν</span> <span class='ocrx_word' id='word_1_209' title='bbox 229 1433 400 1472; x_wconf 83' lang='grc' dir='ltr'>τετάρακται,</span> <span class='ocrx_word' id='word_1_210' title='bbox 415 1434 622 1473; x_wconf 77' lang='grc' dir='ltr'>πραϋνθήσεται·</span> <span class='ocrx_word' id='word_1_211' title='bbox 637 1433 708 1463; x_wconf 77' lang='grc' dir='ltr'>οὐδὲν</span> <span class='ocrx_word' id='word_1_212' title='bbox 724 1435 859 1474; x_wconf 79' lang='grc' dir='ltr'>ὀφείλομεν</span> 
     </span>
     <span class='ocr_line' id='line_1_29' title="bbox 90 1479 860 1520; baseline 0.003 -12"><span class='ocrx_word' id='word_1_213' title='bbox 90 1481 123 1518; x_wconf 77' lang='grc' dir='ltr'>τῇ</span> <span class='ocrx_word' id='word_1_214' title='bbox 139 1479 292 1518; x_wconf 79' lang='grc' dir='ltr'>στεῤῥότητι</span> <span class='ocrx_word' id='word_1_215' title='bbox 309 1482 356 1515; x_wconf 70' lang='grc' dir='ltr'>τῆς</span> <span class='ocrx_word' id='word_1_216' title='bbox 369 1480 483 1512; x_wconf 85' lang='grc' dir='ltr'>πίστεως</span> <span class='ocrx_word' id='word_1_217' title='bbox 494 1480 568 1519; x_wconf 78' lang='grc' dir='ltr'>παρὰ</span> <span class='ocrx_word' id='word_1_218' title='bbox 584 1483 629 1509; x_wconf 79' lang='grc' dir='ltr'>τοῦ</span> <span class='ocrx_word' id='word_1_219' title='bbox 643 1480 739 1520; x_wconf 83' lang='grc' dir='ltr'>Κυρίου</span> <span class='ocrx_word' id='word_1_220' title='bbox 750 1481 860 1510; x_wconf 82' lang='grc' dir='ltr'>ἀπελπί-</span> 
     </span>
     <span class='ocr_line' id='line_1_30' title="bbox 92 1525 858 1566; baseline 0.004 -13"><span class='ocrx_word' id='word_1_221' title='bbox 92 1536 146 1554; x_wconf 84' lang='grc' dir='ltr'>σαι.</span> <span class='ocrx_word' id='word_1_222' title='bbox 160 1525 214 1554; x_wconf 81' lang='grc' dir='ltr'>Καὶ</span> <span class='ocrx_word' id='word_1_223' title='bbox 231 1525 281 1565; x_wconf 77' lang='grc' dir='ltr'>γὰρ</span> <span class='ocrx_word' id='word_1_224' title='bbox 297 1528 374 1564; x_wconf 83' lang='grc' dir='ltr'>ἡμεῖς</span> <span class='ocrx_word' id='word_1_225' title='bbox 394 1525 480 1554; x_wconf 83' lang='grc' dir='ltr'>πολλὰ</span> <span class='ocrx_word' id='word_1_226' title='bbox 500 1526 667 1565; x_wconf 82' lang='grc' dir='ltr'>σκεπτόμεθα</span> <span class='ocrx_word' id='word_1_227' title='bbox 681 1527 708 1555; x_wconf 80' lang='grc' dir='ltr'>ὃν</span> <span class='ocrx_word' id='word_1_228' title='bbox 725 1527 820 1566; x_wconf 85' lang='grc' dir='ltr'>τρόπον</span> <span class='ocrx_word' id='word_1_229' title='bbox 842 1530 858 1562; x_wconf 76' lang='grc' dir='ltr'>ἦ</span> 
     </span>
     <span class='ocr_line' id='line_1_31' title="bbox 91 1570 860 1611; baseline 0.007 -13"><span class='ocrx_word' id='word_1_230' title='bbox 91 1570 195 1603; x_wconf 76' lang='grc' dir='ltr'>σύνοδος</span> <span class='ocrx_word' id='word_1_231' title='bbox 209 1571 375 1609; x_wconf 83' lang='grc' dir='ltr'>οἷκουμενικὴ</span> <span class='ocrx_word' id='word_1_232' title='bbox 389 1571 529 1611; x_wconf 77' lang='grc' dir='ltr'>συναχθείη</span> <span class='ocrx_word' id='word_1_233' title='bbox 538 1595 545 1608; x_wconf 88' lang='grc'>,</span> <span class='ocrx_word' id='word_1_234' title='bbox 554 1571 624 1604; x_wconf 82' lang='grc' dir='ltr'>ὅπως</span> <span class='ocrx_word' id='word_1_235' title='bbox 638 1574 669 1611; x_wconf 73' lang='grc' dir='ltr'>τῇ</span> <span class='ocrx_word' id='word_1_236' title='bbox 684 1573 806 1611; x_wconf 78' lang='grc' dir='ltr'>βουλήσει</span> <span class='ocrx_word' id='word_1_237' title='bbox 815 1577 860 1603; x_wconf 76' lang='grc' dir='ltr'>τοῦ</span> 
     </span>
     <span class='ocr_line' id='line_1_32' title="bbox 91 1616 858 1657; baseline 0.005 -13"><span class='ocrx_word' id='word_1_238' title='bbox 91 1617 161 1645; x_wconf 80' lang='grc' dir='ltr'>Θεοῦ</span> <span class='ocrx_word' id='word_1_239' title='bbox 175 1618 201 1644; x_wconf 84' lang='grc' dir='ltr'>αἱ</span> <span class='ocrx_word' id='word_1_240' title='bbox 215 1616 377 1656; x_wconf 71' lang='grc' dir='ltr'>ταραχώδεις</span> <span class='ocrx_word' id='word_1_241' title='bbox 390 1617 504 1652; x_wconf 78' lang='grc' dir='ltr'>κινήσεις</span> <span class='ocrx_word' id='word_1_242' title='bbox 518 1617 679 1647; x_wconf 81' lang='grc' dir='ltr'>παύσωνται.</span> <span class='ocrx_word' id='word_1_243' title='bbox 692 1618 858 1657; x_wconf 67' lang='grc' dir='ltr'>“Υπομει’νω-</span> 
     </span>
     <span class='ocr_line' id='line_1_33' title="bbox 91 1656 857 1703; baseline 0.004 -13"><span class='ocrx_word' id='word_1_244' title='bbox 91 1673 139 1699; x_wconf 88' lang='grc' dir='ltr'>μεν</span> <span class='ocrx_word' id='word_1_245' title='bbox 152 1656 195 1690; x_wconf 65' lang='grc' dir='ltr'>οἷν</span> <span class='ocrx_word' id='word_1_246' title='bbox 205 1661 270 1694; x_wconf 79' lang='grc' dir='ltr'>τέως</span> <span class='ocrx_word' id='word_1_247' title='bbox 279 1685 286 1698; x_wconf 86' lang='lat'><em>,</em></span> <span class='ocrx_word' id='word_1_248' title='bbox 303 1662 348 1690; x_wconf 84' lang='grc' dir='ltr'>καὶ</span> <span class='ocrx_word' id='word_1_249' title='bbox 360 1664 397 1701; x_wconf 82' lang='grc' dir='ltr'>τῷ</span> <span class='ocrx_word' id='word_1_250' title='bbox 408 1662 490 1701; x_wconf 76' lang='grc' dir='ltr'>τείχει</span> <span class='ocrx_word' id='word_1_251' title='bbox 503 1665 550 1697; x_wconf 70' lang='grc' dir='ltr'>τῆς</span> <span class='ocrx_word' id='word_1_252' title='bbox 564 1665 694 1701; x_wconf 73' lang='grc' dir='ltr'>ὑπομονῆς</span> <span class='ocrx_word' id='word_1_253' title='bbox 712 1664 857 1703; x_wconf 75' lang='grc' dir='ltr'>ὀχυρούμε-</span> 
     </span>
     <span class='ocr_line' id='line_1_34' title="bbox 90 1706 857 1748; baseline 0.004 -13"><span class='ocrx_word' id='word_1_254' title='bbox 90 1719 141 1743; x_wconf 87' lang='grc' dir='ltr'>νοι,</span> <span class='ocrx_word' id='word_1_255' title='bbox 158 1706 305 1745; x_wconf 82' lang='grc' dir='ltr'>ἐλπίσωμεν</span> <span class='ocrx_word' id='word_1_256' title='bbox 326 1707 413 1736; x_wconf 81' lang='grc' dir='ltr'>πάντα</span> <span class='ocrx_word' id='word_1_257' title='bbox 437 1710 469 1746; x_wconf 72' lang='grc' dir='ltr'>τῇ</span> <span class='ocrx_word' id='word_1_258' title='bbox 492 1707 599 1748; x_wconf 73' lang='grc' dir='ltr'>βοηθείᾳ</span> <span class='ocrx_word' id='word_1_259' title='bbox 623 1712 668 1737; x_wconf 77' lang='grc' dir='ltr'>τοῦ</span> <span class='ocrx_word' id='word_1_260' title='bbox 690 1710 759 1737; x_wconf 82' lang='grc' dir='ltr'>Θεοῦ</span> <span class='ocrx_word' id='word_1_261' title='bbox 782 1712 857 1747; x_wconf 81' lang='grc' dir='ltr'>ἡμῶν</span> 
     </span>
     <span class='ocr_line' id='line_1_35' title="bbox 90 1752 859 1793; baseline 0.005 -13"><span class='ocrx_word' id='word_1_262' title='bbox 90 1754 347 1787; x_wconf 70' lang='grc' dir='ltr'>ἀποκατασταθῆναι.</span> <span class='ocrx_word' id='word_1_263' title='bbox 360 1752 454 1781; x_wconf 80' lang='grc' dir='ltr'>Πάντα</span> <span class='ocrx_word' id='word_1_264' title='bbox 468 1753 495 1781; x_wconf 78' lang='grc' dir='ltr'>δὲ</span> <span class='ocrx_word' id='word_1_265' title='bbox 507 1752 556 1782; x_wconf 74' lang='grc' dir='ltr'>ὅσα</span> <span class='ocrx_word' id='word_1_266' title='bbox 567 1756 634 1792; x_wconf 67' lang='grc' dir='ltr'>ὑμᾶς</span> <span class='ocrx_word' id='word_1_267' title='bbox 651 1753 806 1793; x_wconf 65' lang='grc' dir='ltr'>ὑφίστασθαι</span> <span class='ocrx_word' id='word_1_268' title='bbox 823 1757 859 1784; x_wconf 86' lang='grc' dir='ltr'>εἷ-</span> 
     </span>
     <span class='ocr_line' id='line_1_36' title="bbox 92 1798 857 1839; baseline 0.004 -13"><span class='ocrx_word' id='word_1_269' title='bbox 92 1798 202 1838; x_wconf 80' lang='grc' dir='ltr'>ρήκατε,</span> <span class='ocrx_word' id='word_1_270' title='bbox 217 1798 261 1827; x_wconf 82' lang='grc' dir='ltr'>καὶ</span> <span class='ocrx_word' id='word_1_271' title='bbox 278 1798 402 1839; x_wconf 85' lang='grc' dir='ltr'>πρότερον</span> <span class='ocrx_word' id='word_1_272' title='bbox 418 1799 617 1838; x_wconf 81' lang='grc' dir='ltr'>συνδραμόντων</span> <span class='ocrx_word' id='word_1_273' title='bbox 632 1801 668 1832; x_wconf 81' lang='grc' dir='ltr'>εἷς</span> <span class='ocrx_word' id='word_1_274' title='bbox 685 1799 733 1835; x_wconf 80' lang='grc' dir='ltr'>τὴν</span> <span class='ocrx_word' id='word_1_275' title='bbox 748 1800 770 1829; x_wconf 80' lang='lat' dir='ltr'>‘l</span> <span class='ocrx_word' id='word_1_276' title='bbox 781 1800 857 1839; x_wconf 83' lang='grc' dir='ltr'>ώμην</span> 
     </span>
     <span class='ocr_line' id='line_1_37' title="bbox 89 1844 858 1884; baseline 0.004 -12"><span class='ocrx_word' id='word_1_277' title='bbox 89 1847 140 1873; x_wconf 84' lang='grc' dir='ltr'>τῶν</span> <span class='ocrx_word' id='word_1_278' title='bbox 151 1845 284 1884; x_wconf 79' lang='grc' dir='ltr'>ἡμετέρων</span> <span class='ocrx_word' id='word_1_279' title='bbox 302 1844 509 1880; x_wconf 85' lang='grc' dir='ltr'>συνεπισκόπων,</span> <span class='ocrx_word' id='word_1_280' title='bbox 521 1847 543 1874; x_wconf 88' lang='grc' dir='ltr'>εἷ</span> <span class='ocrx_word' id='word_1_281' title='bbox 557 1846 602 1874; x_wconf 80' lang='grc' dir='ltr'>καὶ</span> <span class='ocrx_word' id='word_1_282' title='bbox 616 1845 649 1873; x_wconf 77' lang='grc' dir='ltr'>τὰ</span> <span class='ocrx_word' id='word_1_283' title='bbox 667 1845 781 1883; x_wconf 82' lang='grc' dir='ltr'>μάλιστα</span> <span class='ocrx_word' id='word_1_284' title='bbox 802 1848 858 1875; x_wconf 79' lang='grc' dir='ltr'>δια-</span> 
     </span>
     <span class='ocr_line' id='line_1_38' title="bbox 89 1889 857 1930; baseline 0.003 -12"><span class='ocrx_word' id='word_1_285' title='bbox 89 1889 175 1930; x_wconf 83' lang='grc' dir='ltr'>φόροις</span> <span class='ocrx_word' id='word_1_286' title='bbox 193 1890 308 1929; x_wconf 80' lang='grc' dir='ltr'>χρόνοις,</span> <span class='ocrx_word' id='word_1_287' title='bbox 326 1890 445 1919; x_wconf 78' lang='grc' dir='ltr'>τουτέστι</span> <span class='ocrx_word' id='word_1_288' title='bbox 465 1891 633 1930; x_wconf 83' lang='grc' dir='ltr'>Δημητρίου,</span> <span class='ocrx_word' id='word_1_289' title='bbox 648 1893 794 1930; x_wconf 74' lang='grc' dir='ltr'>Κυριακοῦ,</span> <span class='ocrx_word' id='word_1_290' title='bbox 807 1893 857 1921; x_wconf 81' lang='grc' dir='ltr'>Εὗ-</span> 
     </span>
     <span class='ocr_line' id='line_1_39' title="bbox 89 1935 855 1975; baseline 0.004 -12"><span class='ocrx_word' id='word_1_291' title='bbox 89 1935 194 1970; x_wconf 81' lang='grc' dir='ltr'>λυσίου,</span> <span class='ocrx_word' id='word_1_292' title='bbox 211 1935 256 1963; x_wconf 78' lang='grc' dir='ltr'>καὶ</span> <span class='ocrx_word' id='word_1_293' title='bbox 278 1935 445 1971; x_wconf 80' lang='grc' dir='ltr'>Παλλαδίου,</span> <span class='ocrx_word' id='word_1_294' title='bbox 461 1935 551 1969; x_wconf 78' lang='grc' dir='ltr'>οἵτινες</span> <span class='ocrx_word' id='word_1_295' title='bbox 571 1936 669 1966; x_wconf 84' lang='grc' dir='ltr'>σύνεισι</span> <span class='ocrx_word' id='word_1_296' title='bbox 696 1938 754 1974; x_wconf 82' lang='grc' dir='ltr'>μεθ’</span> <span class='ocrx_word' id='word_1_297' title='bbox 770 1939 855 1975; x_wconf 81' lang='grc' dir='ltr'>ἡμῶν,</span> 
     </span>
     <span class='ocr_line' id='line_1_40' title="bbox 90 1979 526 2020; baseline 0.002 -12"><span class='ocrx_word' id='word_1_298' title='bbox 90 1979 176 2020; x_wconf 77' lang='grc' dir='ltr'>τελεία</span> <span class='ocrx_word' id='word_1_299' title='bbox 191 1980 314 2019; x_wconf 77' lang='grc' dir='ltr'>ἐρωτήσει</span> <span class='ocrx_word' id='word_1_300' title='bbox 328 1981 526 2019; x_wconf 80' lang='grc' dir='ltr'>μεμαθήκαμεν,</span> 
     </span>
    </p>
   </div>
   <div class='ocr_carea' id='block_1_3' title="bbox 875 245 910 264">
    <p class='ocr_par' dir='ltr' id='par_1_3' title="bbox 875 245 910 264">
     <span class='ocr_line' id='line_1_41' title="bbox 875 245 910 264; baseline 0.029 -1"><span class='ocrx_word' id='word_1_301' title='bbox 875 245 910 264; x_wconf 72' lang='grc' dir='ltr'>ὖῖ-ἀ</span> 
     </span>
    </p>
   </div>
   <div class='ocr_carea' id='block_1_4' title="bbox 1561 175 1630 210">
    <p class='ocr_par' dir='ltr' id='par_1_4' title="bbox 1561 175 1630 210">
     <span class='ocr_line' id='line_1_42' title="bbox 1561 175 1630 210; baseline 0.029 -2"><span class='ocrx_word' id='word_1_302' title='bbox 1561 175 1630 210; x_wconf 79' lang='lat'>625</span> 
     </span>
    </p>
   </div>
   <div class='ocr_carea' id='block_1_5' title="bbox 876 246 1634 2020">
    <p class='ocr_par' dir='ltr' id='par_1_5' title="bbox 878 246 1634 1336">
     <span class='ocr_line' id='line_1_43' title="bbox 921 246 1632 286; baseline 0.003 -12"><span class='ocrx_word' id='word_1_303' title='bbox 921 256 972 274; x_wconf 92' lang='lat' dir='ltr'>non</span> <span class='ocrx_word' id='word_1_304' title='bbox 987 252 1140 285; x_wconf 86' lang='lat' dir='ltr'>potestesse</span> <span class='ocrx_word' id='word_1_305' title='bbox 1153 246 1175 275; x_wconf 88' lang='lat' dir='ltr'>is</span> <span class='ocrx_word' id='word_1_306' title='bbox 1185 247 1230 285; x_wconf 82' lang='lat' dir='ltr'>qui</span> <span class='ocrx_word' id='word_1_307' title='bbox 1244 246 1341 286; x_wconf 85' lang='lat' dir='ltr'>injuste</span> <span class='ocrx_word' id='word_1_308' title='bbox 1354 247 1632 283; x_wconf 82' lang='lat' dir='ltr'>substituitur.Qnan-</span> 
     </span>
     <span class='ocr_line' id='line_1_44' title="bbox 918 292 1634 329; baseline 0.004 -10"><span class='ocrx_word' id='word_1_309' title='bbox 918 299 975 320; x_wconf 89' lang='lat' dir='ltr'>tum</span> <span class='ocrx_word' id='word_1_310' title='bbox 987 292 1021 320; x_wconf 80' lang='lat' dir='ltr'>ad</span> <span class='ocrx_word' id='word_1_311' title='bbox 1033 303 1162 320; x_wconf 82' lang='lat' dir='ltr'>canonum</span> <span class='ocrx_word' id='word_1_312' title='bbox 1175 293 1371 321; x_wconf 71' lang='lat' dir='ltr'>observantiam</span> <span class='ocrx_word' id='word_1_313' title='bbox 1386 294 1488 329; x_wconf 85' lang='lat' dir='ltr'>attinet,</span> <span class='ocrx_word' id='word_1_314' title='bbox 1502 294 1566 322; x_wconf 82' lang='lat' dir='ltr'>solis</span> <span class='ocrx_word' id='word_1_315' title='bbox 1579 294 1634 322; x_wconf 79' lang='lat' dir='ltr'>illis</span> 
     </span>
     <span class='ocr_line' id='line_1_45' title="bbox 918 338 1631 377; baseline 0.001 -12"><span class='ocrx_word' id='word_1_316' title='bbox 918 338 1064 377; x_wconf 82' lang='lat' dir='ltr'>parendum</span> <span class='ocrx_word' id='word_1_317' title='bbox 1090 338 1206 367; x_wconf 82' lang='lat' dir='ltr'>dicimus</span> <span class='ocrx_word' id='word_1_318' title='bbox 1233 339 1278 377; x_wconf 87' lang='lat' dir='ltr'>qni</span> <span class='ocrx_word' id='word_1_319' title='bbox 1304 339 1399 367; x_wconf 66' lang='lat' dir='ltr'>Nicaeae</span> <span class='ocrx_word' id='word_1_320' title='bbox 1423 338 1527 367; x_wconf 80' lang='lat' dir='ltr'>definiti</span> <span class='ocrx_word' id='word_1_321' title='bbox 1551 346 1613 368; x_wconf 89' lang='lat' dir='ltr'>sunt</span> <span class='ocrx_word' id='word_1_322' title='bbox 1626 351 1631 366; x_wconf 92' lang='lat'>:</span> 
     </span>
     <span class='ocr_line' id='line_1_46' title="bbox 917 384 1633 422; baseline 0.006 -12"><span class='ocrx_word' id='word_1_323' title='bbox 917 394 984 422; x_wconf 89' lang='lat' dir='ltr'>qnos</span> <span class='ocrx_word' id='word_1_324' title='bbox 1003 384 1072 412; x_wconf 85' lang='lat' dir='ltr'>solos</span> <span class='ocrx_word' id='word_1_325' title='bbox 1095 384 1189 413; x_wconf 82' lang='lat' dir='ltr'>sectari</span> <span class='ocrx_word' id='word_1_326' title='bbox 1204 391 1229 412; x_wconf 84' lang='lat' dir='ltr'>et</span> <span class='ocrx_word' id='word_1_327' title='bbox 1243 395 1384 421; x_wconf 67' lang='lat' dir='ltr'>agnoscere</span> <span class='ocrx_word' id='word_1_328' title='bbox 1404 384 1482 413; x_wconf 87' lang='lat' dir='ltr'>debet</span> <span class='ocrx_word' id='word_1_329' title='bbox 1502 385 1633 414; x_wconf 80' lang='lat' dir='ltr'>catholica</span> 
     </span>
     <span class='ocr_line' id='line_1_47' title="bbox 919 429 1631 470; baseline 0.001 -11"><span class='ocrx_word' id='word_1_330' title='bbox 919 429 1045 459; x_wconf 77' lang='lat' dir='ltr'>Ecclesia.</span> <span class='ocrx_word' id='word_1_331' title='bbox 1062 430 1142 464; x_wconf 85' lang='lat' dir='ltr'>Quod</span> <span class='ocrx_word' id='word_1_332' title='bbox 1157 430 1177 458; x_wconf 91' lang='lat' dir='ltr'>si</span> <span class='ocrx_word' id='word_1_333' title='bbox 1190 441 1203 458; x_wconf 83' lang='lat' dir='ltr'>a</span> <span class='ocrx_word' id='word_1_334' title='bbox 1214 430 1375 469; x_wconf 82' lang='lat' dir='ltr'>quibusdam</span> <span class='ocrx_word' id='word_1_335' title='bbox 1394 430 1439 458; x_wconf 89' lang='lat' dir='ltr'>alii</span> <span class='ocrx_word' id='word_1_336' title='bbox 1453 432 1631 470; x_wconf 80' lang='lat' dir='ltr'>proferantur,</span> 
     </span>
     <span class='ocr_line' id='line_1_48' title="bbox 917 475 1632 513; baseline 0.004 -11"><span class='ocrx_word' id='word_1_337' title='bbox 917 475 963 513; x_wconf 86' lang='lat' dir='ltr'>qui</span> <span class='ocrx_word' id='word_1_338' title='bbox 983 486 996 503; x_wconf 89' lang='lat' dir='ltr'>a</span> <span class='ocrx_word' id='word_1_339' title='bbox 1014 476 1128 504; x_wconf 81' lang='lat' dir='ltr'>Nica-nis</span> <span class='ocrx_word' id='word_1_340' title='bbox 1141 476 1287 504; x_wconf 77' lang='lat' dir='ltr'>canonibus</span> <span class='ocrx_word' id='word_1_341' title='bbox 1305 476 1441 511; x_wconf 80' lang='lat' dir='ltr'>differant,</span> <span class='ocrx_word' id='word_1_342' title='bbox 1453 484 1478 505; x_wconf 84' lang='lat' dir='ltr'>et</span> <span class='ocrx_word' id='word_1_343' title='bbox 1492 477 1526 505; x_wconf 81' lang='lat' dir='ltr'>ab</span> <span class='ocrx_word' id='word_1_344' title='bbox 1549 477 1632 505; x_wconf 81' lang='lat' dir='ltr'>haere-</span> 
     </span>
     <span class='ocr_line' id='line_1_49' title="bbox 919 520 1632 560; baseline 0.004 -12"><span class='ocrx_word' id='word_1_345' title='bbox 919 520 976 548; x_wconf 77' lang='lat' dir='ltr'>ticis</span> <span class='ocrx_word' id='word_1_346' title='bbox 997 522 1135 560; x_wconf 78' lang='lat' dir='ltr'>compositi</span> <span class='ocrx_word' id='word_1_347' title='bbox 1157 533 1213 550; x_wconf 86' lang='lat' dir='ltr'>esse</span> <span class='ocrx_word' id='word_1_348' title='bbox 1238 530 1396 559; x_wconf 77' lang='lat' dir='ltr'>arguantur,</span> <span class='ocrx_word' id='word_1_349' title='bbox 1410 522 1437 551; x_wconf 88' lang='lat' dir='ltr'>hi</span> <span class='ocrx_word' id='word_1_350' title='bbox 1459 534 1474 551; x_wconf 80' lang='lat' dir='ltr'>a</span> <span class='ocrx_word' id='word_1_351' title='bbox 1495 523 1632 552; x_wconf 71' lang='lat' dir='ltr'>catholicis</span> 
     </span>
     <span class='ocr_line' id='line_1_50' title="bbox 917 565 1633 605; baseline 0.006 -12"><span class='ocrx_word' id='word_1_352' title='bbox 917 565 1049 605; x_wconf 81' lang='lat' dir='ltr'>episcopis</span> <span class='ocrx_word' id='word_1_353' title='bbox 1065 566 1201 605; x_wconf 79' lang='lat' dir='ltr'>rejiciendi</span> <span class='ocrx_word' id='word_1_354' title='bbox 1216 574 1286 595; x_wconf 83' lang='lat' dir='ltr'>sunt.</span> <span class='ocrx_word' id='word_1_355' title='bbox 1300 568 1366 596; x_wconf 68' lang='lat' dir='ltr'>Nam</span> <span class='ocrx_word' id='word_1_356' title='bbox 1383 578 1442 605; x_wconf 81' lang='lat' dir='ltr'>qna:</span> <span class='ocrx_word' id='word_1_357' title='bbox 1453 568 1487 596; x_wconf 84' lang='lat' dir='ltr'>ab</span> <span class='ocrx_word' id='word_1_358' title='bbox 1503 568 1633 598; x_wconf 76' lang='lat' dir='ltr'>haereticis</span> 
     </span>
     <span class='ocr_line' id='line_1_51' title="bbox 917 610 1632 651; baseline 0.008 -15"><span class='ocrx_word' id='word_1_359' title='bbox 917 617 978 638; x_wconf 85' lang='lat' dir='ltr'>sunt</span> <span class='ocrx_word' id='word_1_360' title='bbox 990 610 1148 648; x_wconf 81' lang='lat' dir='ltr'>excogitata,</span> <span class='ocrx_word' id='word_1_361' title='bbox 1161 611 1298 639; x_wconf 74' lang='lat' dir='ltr'>catholicis</span> <span class='ocrx_word' id='word_1_362' title='bbox 1313 612 1459 640; x_wconf 85' lang='lat' dir='ltr'>canonibus</span> <span class='ocrx_word' id='word_1_363' title='bbox 1472 613 1632 651; x_wconf 81' lang='lat' dir='ltr'>conjungere</span> 
     </span>
     <span class='ocr_line' id='line_1_52' title="bbox 918 655 1631 695; baseline 0.007 -13"><span class='ocrx_word' id='word_1_364' title='bbox 918 665 968 682; x_wconf 86' lang='lat' dir='ltr'>non</span> <span class='ocrx_word' id='word_1_365' title='bbox 985 655 1046 684; x_wconf 86' lang='lat' dir='ltr'>licet</span> <span class='ocrx_word' id='word_1_366' title='bbox 1058 666 1178 695; x_wconf 80' lang='lat' dir='ltr'>:semper</span> <span class='ocrx_word' id='word_1_367' title='bbox 1199 657 1269 684; x_wconf 90' lang='lat' dir='ltr'>enim</span> <span class='ocrx_word' id='word_1_368' title='bbox 1292 668 1338 695; x_wconf 85' lang='lat' dir='ltr'>per</span> <span class='ocrx_word' id='word_1_369' title='bbox 1352 658 1482 687; x_wconf 85' lang='lat' dir='ltr'>contraria</span> <span class='ocrx_word' id='word_1_370' title='bbox 1499 666 1523 687; x_wconf 88' lang='lat' dir='ltr'>ct</span> <span class='ocrx_word' id='word_1_371' title='bbox 1538 659 1631 688; x_wconf 85' lang='lat' dir='ltr'>illicita</span> 
     </span>
     <span class='ocr_line' id='line_1_53' title="bbox 916 699 1631 740; baseline 0.008 -12"><span class='ocrx_word' id='word_1_372' title='bbox 916 699 1086 729; x_wconf 71' lang='lat' dir='ltr'>Nicarnornm</span> <span class='ocrx_word' id='word_1_373' title='bbox 1106 708 1212 740; x_wconf 86' lang='lat' dir='ltr'>patrum</span> <span class='ocrx_word' id='word_1_374' title='bbox 1232 703 1372 731; x_wconf 72' lang='lat' dir='ltr'>consilium</span> <span class='ocrx_word' id='word_1_375' title='bbox 1397 704 1554 733; x_wconf 77' lang='lat' dir='ltr'>labefactare</span> <span class='ocrx_word' id='word_1_376' title='bbox 1574 712 1631 734; x_wconf 84' lang='lat' dir='ltr'>stu-</span> 
     </span>
     <span class='ocr_line' id='line_1_54' title="bbox 915 744 1630 786; baseline 0.008 -12"><span class='ocrx_word' id='word_1_377' title='bbox 915 744 987 774; x_wconf 83' lang='lat' dir='ltr'>dent.</span> <span class='ocrx_word' id='word_1_378' title='bbox 1012 747 1070 775; x_wconf 91' lang='lat' dir='ltr'>Non</span> <span class='ocrx_word' id='word_1_379' title='bbox 1086 747 1173 775; x_wconf 86' lang='lat' dir='ltr'>solum</span> <span class='ocrx_word' id='word_1_380' title='bbox 1196 758 1258 786; x_wconf 80' lang='lat' dir='ltr'>crgo</span> <span class='ocrx_word' id='word_1_381' title='bbox 1272 748 1387 776; x_wconf 72' lang='lat' dir='ltr'>dit-imus</span> <span class='ocrx_word' id='word_1_382' title='bbox 1403 749 1444 777; x_wconf 75' lang='lat' dir='ltr'>his</span> <span class='ocrx_word' id='word_1_383' title='bbox 1459 761 1509 778; x_wconf 84' lang='lat' dir='ltr'>non</span> <span class='ocrx_word' id='word_1_384' title='bbox 1525 751 1630 780; x_wconf 69' lang='lat' dir='ltr'>lueren-</span> 
     </span>
     <span class='ocr_line' id='line_1_55' title="bbox 915 790 1631 829; baseline 0.01 -10"><span class='ocrx_word' id='word_1_385' title='bbox 915 790 981 819; x_wconf 87' lang='lat' dir='ltr'>dum</span> <span class='ocrx_word' id='word_1_386' title='bbox 992 803 1047 821; x_wconf 83' lang='lat' dir='ltr'>esse</span> <span class='ocrx_word' id='word_1_387' title='bbox 1057 792 1213 829; x_wconf 83' lang='lat' dir='ltr'>canonibus,</span> <span class='ocrx_word' id='word_1_388' title='bbox 1226 804 1321 822; x_wconf 73' lang='lat' dir='ltr'>verum</span> <span class='ocrx_word' id='word_1_389' title='bbox 1333 794 1412 822; x_wconf 81' lang='lat' dir='ltr'>ctiam</span> <span class='ocrx_word' id='word_1_390' title='bbox 1426 806 1487 824; x_wconf 77' lang='lat' dir='ltr'>enm</span> <span class='ocrx_word' id='word_1_391' title='bbox 1500 796 1631 826; x_wconf 70' lang='lat' dir='ltr'>haereticis</span> 
     </span>
     <span class='ocr_line' id='line_1_56' title="bbox 915 838 1631 878; baseline 0.008 -13"><span class='ocrx_word' id='word_1_392' title='bbox 915 844 940 865; x_wconf 88' lang='lat' dir='ltr'>et</span> <span class='ocrx_word' id='word_1_393' title='bbox 955 838 1131 867; x_wconf 77' lang='lat' dir='ltr'>schismaticis</span> <span class='ocrx_word' id='word_1_394' title='bbox 1153 838 1326 878; x_wconf 83' lang='lat' dir='ltr'>dogmatibus</span> <span class='ocrx_word' id='word_1_395' title='bbox 1341 839 1555 870; x_wconf 83' lang='lat' dir='ltr'>condemnandos</span> <span class='ocrx_word' id='word_1_396' title='bbox 1570 843 1631 872; x_wconf 81' lang='lat' dir='ltr'>illos</span> 
     </span>
     <span class='ocr_line' id='line_1_57' title="bbox 915 884 1629 927; baseline 0.008 -16"><span class='ocrx_word' id='word_1_397' title='bbox 915 894 971 911; x_wconf 80' lang='lat' dir='ltr'>csse</span> <span class='ocrx_word' id='word_1_398' title='bbox 984 895 989 910; x_wconf 95' lang='lat'><strong>:</strong></span> <span class='ocrx_word' id='word_1_399' title='bbox 1002 884 1227 922; x_wconf 83' lang='lat' dir='ltr'>quemadmodum</span> <span class='ocrx_word' id='word_1_400' title='bbox 1238 892 1263 913; x_wconf 93' lang='lat' dir='ltr'>et</span> <span class='ocrx_word' id='word_1_401' title='bbox 1274 893 1349 914; x_wconf 78' lang='lat' dir='ltr'>autea</span> <span class='ocrx_word' id='word_1_402' title='bbox 1365 886 1391 914; x_wconf 87' lang='lat' dir='ltr'>iu</span> <span class='ocrx_word' id='word_1_403' title='bbox 1403 886 1554 916; x_wconf 68' lang='lat' dir='ltr'>sardicensi</span> <span class='ocrx_word' id='word_1_404' title='bbox 1566 899 1629 927; x_wconf 91' lang='lat' dir='ltr'>syn-</span> 
     </span>
     <span class='ocr_line' id='line_1_58' title="bbox 915 929 1628 970; baseline 0.007 -13"><span class='ocrx_word' id='word_1_405' title='bbox 915 929 966 957; x_wconf 89' lang='lat' dir='ltr'>odo</span> <span class='ocrx_word' id='word_1_406' title='bbox 977 930 1011 958; x_wconf 81' lang='lat' dir='ltr'>ab</span> <span class='ocrx_word' id='word_1_407' title='bbox 1031 930 1173 970; x_wconf 85' lang='lat' dir='ltr'>episcopis,</span> <span class='ocrx_word' id='word_1_408' title='bbox 1189 930 1235 969; x_wconf 83' lang='lat' dir='ltr'>qui</span> <span class='ocrx_word' id='word_1_409' title='bbox 1250 938 1310 959; x_wconf 83' lang='lat' dir='ltr'>ante</span> <span class='ocrx_word' id='word_1_410' title='bbox 1327 942 1373 959; x_wconf 89' lang='lat' dir='ltr'>nos</span> <span class='ocrx_word' id='word_1_411' title='bbox 1386 932 1508 967; x_wconf 80' lang='lat' dir='ltr'>suerunt,</span> <span class='ocrx_word' id='word_1_412' title='bbox 1527 934 1628 963; x_wconf 70' lang='lat' dir='ltr'>finctum</span> 
     </span>
     <span class='ocr_line' id='line_1_59' title="bbox 914 976 1632 1016; baseline 0.007 -13"><span class='ocrx_word' id='word_1_413' title='bbox 914 983 961 1003; x_wconf 88' lang='lat' dir='ltr'>est.</span> <span class='ocrx_word' id='word_1_414' title='bbox 973 976 1063 1005; x_wconf 79' lang='lat' dir='ltr'>Satius</span> <span class='ocrx_word' id='word_1_415' title='bbox 1086 977 1158 1005; x_wconf 88' lang='lat' dir='ltr'>enim</span> <span class='ocrx_word' id='word_1_416' title='bbox 1172 977 1251 1005; x_wconf 85' lang='lat' dir='ltr'>suerit</span> <span class='ocrx_word' id='word_1_417' title='bbox 1263 988 1292 1005; x_wconf 85' lang='lat' dir='ltr'>ea</span> <span class='ocrx_word' id='word_1_418' title='bbox 1305 977 1473 1006; x_wconf 82' lang='lat' dir='ltr'>condemnari</span> <span class='ocrx_word' id='word_1_419' title='bbox 1489 989 1547 1016; x_wconf 64' lang='lat' dir='ltr'>quae</span> <span class='ocrx_word' id='word_1_420' title='bbox 1560 986 1632 1008; x_wconf 84' lang='lat' dir='ltr'>recte</span> 
     </span>
     <span class='ocr_line' id='line_1_60' title="bbox 915 1021 1630 1061; baseline 0.007 -12"><span class='ocrx_word' id='word_1_421' title='bbox 915 1021 983 1049; x_wconf 78' lang='lat' dir='ltr'>sacta</span> <span class='ocrx_word' id='word_1_422' title='bbox 999 1029 1070 1057; x_wconf 89' lang='lat' dir='ltr'>sunt,</span> <span class='ocrx_word' id='word_1_423' title='bbox 1091 1033 1171 1060; x_wconf 86' lang='lat' dir='ltr'>quam</span> <span class='ocrx_word' id='word_1_424' title='bbox 1185 1033 1226 1058; x_wconf 86' lang='lat' dir='ltr'>ea,</span> <span class='ocrx_word' id='word_1_425' title='bbox 1242 1033 1300 1061; x_wconf 78' lang='lat' dir='ltr'>qua:</span> <span class='ocrx_word' id='word_1_426' title='bbox 1323 1030 1412 1051; x_wconf 86' lang='lat' dir='ltr'>contra</span> <span class='ocrx_word' id='word_1_427' title='bbox 1438 1034 1550 1053; x_wconf 78' lang='lat' dir='ltr'>canones</span> <span class='ocrx_word' id='word_1_428' title='bbox 1571 1033 1630 1054; x_wconf 82' lang='lat' dir='ltr'>acta</span> 
     </span>
     <span class='ocr_line' id='line_1_61' title="bbox 915 1067 1630 1106; baseline 0.006 -11"><span class='ocrx_word' id='word_1_429' title='bbox 915 1074 986 1103; x_wconf 86' lang='lat' dir='ltr'>sunt,</span> <span class='ocrx_word' id='word_1_430' title='bbox 999 1067 1153 1095; x_wconf 84' lang='lat' dir='ltr'>firmitatem</span> <span class='ocrx_word' id='word_1_431' title='bbox 1167 1068 1286 1106; x_wconf 84' lang='lat' dir='ltr'>aliquam</span> <span class='ocrx_word' id='word_1_432' title='bbox 1297 1068 1426 1105; x_wconf 79' lang='lat' dir='ltr'>obtinere,</span> <span class='ocrx_word' id='word_1_433' title='bbox 1440 1070 1533 1098; x_wconf 76' lang='lat' dir='ltr'>fratres</span> <span class='ocrx_word' id='word_1_434' title='bbox 1547 1070 1630 1100; x_wconf 90' lang='lat' dir='ltr'>hono-</span> 
     </span>
     <span class='ocr_line' id='line_1_62' title="bbox 916 1113 1629 1154; baseline 0.006 -13"><span class='ocrx_word' id='word_1_435' title='bbox 916 1113 1051 1142; x_wconf 72' lang='lat' dir='ltr'>ratissimi.</span> <span class='ocrx_word' id='word_1_436' title='bbox 1067 1113 1121 1143; x_wconf 85' lang='lat' dir='ltr'>Sed</span> <span class='ocrx_word' id='word_1_437' title='bbox 1144 1113 1211 1151; x_wconf 90' lang='lat' dir='ltr'>quid</span> <span class='ocrx_word' id='word_1_438' title='bbox 1234 1113 1361 1143; x_wconf 77' lang='lat' dir='ltr'>adversus</span> <span class='ocrx_word' id='word_1_439' title='bbox 1384 1115 1433 1143; x_wconf 87' lang='lat' dir='ltr'>ista</span> <span class='ocrx_word' id='word_1_440' title='bbox 1458 1115 1484 1143; x_wconf 87' lang='lat' dir='ltr'>in</span> <span class='ocrx_word' id='word_1_441' title='bbox 1508 1117 1629 1154; x_wconf 63' lang='lat' dir='ltr'>praesenti</span> 
     </span>
     <span class='ocr_line' id='line_1_63' title="bbox 914 1159 1630 1199; baseline 0.004 -12"><span class='ocrx_word' id='word_1_442' title='bbox 914 1159 1060 1188; x_wconf 75' lang='lat' dir='ltr'>faciemus?</span> <span class='ocrx_word' id='word_1_443' title='bbox 1072 1159 1224 1187; x_wconf 84' lang='lat' dir='ltr'>Necessaria</span> <span class='ocrx_word' id='word_1_444' title='bbox 1238 1160 1288 1188; x_wconf 87' lang='lat' dir='ltr'>erit</span> <span class='ocrx_word' id='word_1_445' title='bbox 1300 1159 1397 1199; x_wconf 80' lang='lat' dir='ltr'>synodi</span> <span class='ocrx_word' id='word_1_446' title='bbox 1411 1160 1537 1198; x_wconf 83' lang='lat' dir='ltr'>cognitio,</span> <span class='ocrx_word' id='word_1_447' title='bbox 1549 1172 1630 1199; x_wconf 84' lang='lat' dir='ltr'>quam</span> 
     </span>
     <span class='ocr_line' id='line_1_64' title="bbox 910 1205 1629 1245; baseline 0.004 -12"><span class='ocrx_word' id='word_1_448' title='bbox 910 1206 968 1244; x_wconf 85' lang='lat' dir='ltr'>jam</span> <span class='ocrx_word' id='word_1_449' title='bbox 993 1205 1097 1245; x_wconf 83' lang='lat' dir='ltr'>pridem</span> <span class='ocrx_word' id='word_1_450' title='bbox 1127 1205 1338 1244; x_wconf 80' lang='lat' dir='ltr'>congregandam</span> <span class='ocrx_word' id='word_1_451' title='bbox 1367 1216 1422 1234; x_wconf 86' lang='lat' dir='ltr'>esse</span> <span class='ocrx_word' id='word_1_452' title='bbox 1447 1206 1586 1235; x_wconf 88' lang='lat' dir='ltr'>diximus:</span> <span class='ocrx_word' id='word_1_453' title='bbox 1599 1219 1629 1237; x_wconf 87' lang='lat' dir='ltr'>ca</span> 
     </span>
     <span class='ocr_line' id='line_1_65' title="bbox 914 1251 1628 1291; baseline 0.004 -12"><span class='ocrx_word' id='word_1_454' title='bbox 914 1251 1015 1291; x_wconf 85' lang='lat' dir='ltr'>quippe</span> <span class='ocrx_word' id='word_1_455' title='bbox 1028 1251 1083 1280; x_wconf 89' lang='lat' dir='ltr'>sola</span> <span class='ocrx_word' id='word_1_456' title='bbox 1102 1259 1140 1280; x_wconf 89' lang='lat' dir='ltr'>est</span> <span class='ocrx_word' id='word_1_457' title='bbox 1159 1262 1217 1290; x_wconf 82' lang='lat' dir='ltr'>quae</span> <span class='ocrx_word' id='word_1_458' title='bbox 1232 1258 1399 1291; x_wconf 82' lang='lat' dir='ltr'>tempestates</span> <span class='ocrx_word' id='word_1_459' title='bbox 1412 1251 1566 1291; x_wconf 83' lang='lat' dir='ltr'>hujusmodi</span> <span class='ocrx_word' id='word_1_460' title='bbox 1583 1264 1628 1282; x_wconf 89' lang='lat' dir='ltr'>se-</span> 
     </span>
     <span class='ocr_line' id='line_1_66' title="bbox 878 1296 1628 1336; baseline 0.003 -11"><span class='ocrx_word' id='word_1_461' title='bbox 878 1305 897 1328; x_wconf 87' lang='lat' dir='ltr'>c</span> <span class='ocrx_word' id='word_1_462' title='bbox 912 1296 977 1325; x_wconf 88' lang='lat' dir='ltr'>darc</span> <span class='ocrx_word' id='word_1_463' title='bbox 990 1297 1182 1336; x_wconf 89' lang='lat' dir='ltr'>possit:quam</span> <span class='ocrx_word' id='word_1_464' title='bbox 1202 1304 1232 1325; x_wconf 86' lang='lat' dir='ltr'>ut</span> <span class='ocrx_word' id='word_1_465' title='bbox 1252 1297 1429 1334; x_wconf 79' lang='lat' dir='ltr'>obtineamus,</span> <span class='ocrx_word' id='word_1_466' title='bbox 1451 1308 1466 1326; x_wconf 82' lang='lat' dir='ltr'>c</span> <span class='ocrx_word' id='word_1_467' title='bbox 1487 1309 1514 1326; x_wconf 88' lang='lat' dir='ltr'>re</span> <span class='ocrx_word' id='word_1_468' title='bbox 1535 1299 1628 1334; x_wconf 86' lang='lat' dir='ltr'>fuerit,</span> 
     </span>
    </p>

    <p class='ocr_par' dir='ltr' id='par_1_6' title="bbox 914 1342 1628 1383">
     <span class='ocr_line' id='line_1_67' title="bbox 914 1342 1628 1383; baseline 0.004 -13"><span class='ocrx_word' id='word_1_469' title='bbox 914 1349 943 1370; x_wconf 89' lang='lat' dir='ltr'>ut</span> <span class='ocrx_word' id='word_1_470' title='bbox 960 1342 1057 1371; x_wconf 86' lang='lat' dir='ltr'>horum</span> <span class='ocrx_word' id='word_1_471' title='bbox 1072 1343 1205 1371; x_wconf 82' lang='lat' dir='ltr'>malorum</span> <span class='ocrx_word' id='word_1_472' title='bbox 1225 1342 1374 1371; x_wconf 86' lang='lat' dir='ltr'>remedium</span> <span class='ocrx_word' id='word_1_473' title='bbox 1393 1354 1426 1371; x_wconf 72' lang='lat' dir='ltr'>ex</span> <span class='ocrx_word' id='word_1_474' title='bbox 1448 1351 1515 1372; x_wconf 86' lang='lat' dir='ltr'>nutu</span> <span class='ocrx_word' id='word_1_475' title='bbox 1538 1345 1628 1383; x_wconf 86' lang='lat' dir='ltr'>magni</span> 
     </span>
    </p>

    <p class='ocr_par' dir='ltr' id='par_1_7' title="bbox 913 1387 1627 1428">
     <span class='ocr_line' id='line_1_68' title="bbox 913 1387 1627 1428; baseline 0.004 -13"><span class='ocrx_word' id='word_1_476' title='bbox 913 1387 963 1416; x_wconf 86' lang='lat' dir='ltr'>Dei</span> <span class='ocrx_word' id='word_1_477' title='bbox 984 1395 1009 1416; x_wconf 85' lang='lat' dir='ltr'>et</span> <span class='ocrx_word' id='word_1_478' title='bbox 1023 1388 1122 1416; x_wconf 85' lang='lat' dir='ltr'>Christi</span> <span class='ocrx_word' id='word_1_479' title='bbox 1136 1389 1193 1426; x_wconf 79' lang='lat' dir='ltr'>ejus</span> <span class='ocrx_word' id='word_1_480' title='bbox 1216 1395 1410 1427; x_wconf 84' lang='lat' dir='ltr'>exspectemus.</span> <span class='ocrx_word' id='word_1_481' title='bbox 1428 1389 1525 1417; x_wconf 87' lang='lat' dir='ltr'>Omnia</span> <span class='ocrx_word' id='word_1_482' title='bbox 1541 1390 1627 1428; x_wconf 88' lang='lat' dir='ltr'>siqui-</span> 
     </span>
    </p>

    <p class='ocr_par' dir='ltr' id='par_1_8' title="bbox 912 1432 1628 1472">
     <span class='ocr_line' id='line_1_69' title="bbox 912 1432 1628 1472; baseline 0.003 -11"><span class='ocrx_word' id='word_1_483' title='bbox 912 1432 973 1461; x_wconf 87' lang='lat' dir='ltr'>dem</span> <span class='ocrx_word' id='word_1_484' title='bbox 985 1444 1043 1471; x_wconf 80' lang='lat' dir='ltr'>quae</span> <span class='ocrx_word' id='word_1_485' title='bbox 1054 1444 1124 1461; x_wconf 89' lang='lat' dir='ltr'>nunc</span> <span class='ocrx_word' id='word_1_486' title='bbox 1137 1443 1185 1472; x_wconf 82' lang='lat' dir='ltr'>per</span> <span class='ocrx_word' id='word_1_487' title='bbox 1199 1433 1330 1461; x_wconf 77' lang='lat' dir='ltr'>invidiam</span> <span class='ocrx_word' id='word_1_488' title='bbox 1343 1433 1443 1461; x_wconf 80' lang='lat' dir='ltr'>diaboti</span> <span class='ocrx_word' id='word_1_489' title='bbox 1460 1434 1494 1461; x_wconf 85' lang='lat' dir='ltr'>ad</span> <span class='ocrx_word' id='word_1_490' title='bbox 1506 1434 1628 1463; x_wconf 76' lang='lat' dir='ltr'>fidelium</span> 
     </span>
    </p>

    <p class='ocr_par' dir='ltr' id='par_1_9' title="bbox 888 1479 1630 1565">
     <span class='ocr_line' id='line_1_70' title="bbox 912 1479 1629 1518; baseline 0.003 -11"><span class='ocrx_word' id='word_1_491' title='bbox 912 1479 1097 1518; x_wconf 84' lang='lat' dir='ltr'>probationem</span> <span class='ocrx_word' id='word_1_492' title='bbox 1111 1485 1243 1507; x_wconf 85' lang='lat' dir='ltr'>commota</span> <span class='ocrx_word' id='word_1_493' title='bbox 1262 1485 1334 1515; x_wconf 84' lang='lat' dir='ltr'>sunt,</span> <span class='ocrx_word' id='word_1_494' title='bbox 1358 1479 1541 1517; x_wconf 80' lang='lat' dir='ltr'>pacabuntur;</span> <span class='ocrx_word' id='word_1_495' title='bbox 1556 1482 1629 1510; x_wconf 82' lang='lat' dir='ltr'>firmi</span> 
     </span>
     <span class='ocr_line' id='line_1_71' title="bbox 888 1524 1630 1565; baseline 0.003 -12"><span class='ocrx_word' id='word_1_496' title='bbox 888 1528 899 1537; x_wconf 81' lang='lat'><em>⁰</em></span> <span class='ocrx_word' id='word_1_497' title='bbox 911 1535 943 1553; x_wconf 85' lang='lat' dir='ltr'>ac</span> <span class='ocrx_word' id='word_1_498' title='bbox 960 1525 1068 1553; x_wconf 79' lang='lat' dir='ltr'>stabiles</span> <span class='ocrx_word' id='word_1_499' title='bbox 1088 1524 1114 1552; x_wconf 92' lang='lat' dir='ltr'>in</span> <span class='ocrx_word' id='word_1_500' title='bbox 1133 1524 1186 1552; x_wconf 84' lang='lat' dir='ltr'>fide</span> <span class='ocrx_word' id='word_1_501' title='bbox 1206 1524 1275 1553; x_wconf 86' lang='lat' dir='ltr'>nihil</span> <span class='ocrx_word' id='word_1_502' title='bbox 1288 1535 1303 1552; x_wconf 86' lang='lat' dir='ltr'>a</span> <span class='ocrx_word' id='word_1_503' title='bbox 1326 1524 1440 1552; x_wconf 89' lang='lat' dir='ltr'>Domino</span> <span class='ocrx_word' id='word_1_504' title='bbox 1456 1536 1507 1553; x_wconf 91' lang='lat' dir='ltr'>non</span> <span class='ocrx_word' id='word_1_505' title='bbox 1522 1537 1630 1565; x_wconf 83' lang='lat' dir='ltr'>sperare</span> 
     </span>
    </p>

    <p class='ocr_par' dir='ltr' id='par_1_10' title="bbox 911 1570 1628 1610">
     <span class='ocr_line' id='line_1_72' title="bbox 911 1570 1628 1610; baseline 0.001 -11"><span class='ocrx_word' id='word_1_506' title='bbox 911 1570 1048 1599; x_wconf 81' lang='lat' dir='ltr'>debemus.</span> <span class='ocrx_word' id='word_1_507' title='bbox 1068 1571 1123 1599; x_wconf 90' lang='lat' dir='ltr'>Nos</span> <span class='ocrx_word' id='word_1_508' title='bbox 1143 1570 1215 1598; x_wconf 84' lang='lat' dir='ltr'>enim</span> <span class='ocrx_word' id='word_1_509' title='bbox 1235 1570 1353 1598; x_wconf 86' lang='lat' dir='ltr'>multum</span> <span class='ocrx_word' id='word_1_510' title='bbox 1368 1570 1546 1599; x_wconf 78' lang='lat' dir='ltr'>deliberamus</span> <span class='ocrx_word' id='word_1_511' title='bbox 1560 1583 1628 1610; x_wconf 89' lang='lat' dir='ltr'>quo-</span> 
     </span>
    </p>

    <p class='ocr_par' dir='ltr' id='par_1_11' title="bbox 912 1615 1630 1656">
     <span class='ocr_line' id='line_1_73' title="bbox 912 1615 1630 1656; baseline 0.001 -11"><span class='ocrx_word' id='word_1_512' title='bbox 912 1615 991 1645; x_wconf 89' lang='lat' dir='ltr'>modo</span> <span class='ocrx_word' id='word_1_513' title='bbox 1005 1615 1166 1644; x_wconf 82' lang='lat' dir='ltr'>oecumenica</span> <span class='ocrx_word' id='word_1_514' title='bbox 1180 1615 1299 1655; x_wconf 79' lang='lat' dir='ltr'>synodus</span> <span class='ocrx_word' id='word_1_515' title='bbox 1313 1615 1470 1644; x_wconf 81' lang='lat' dir='ltr'>celebranda</span> <span class='ocrx_word' id='word_1_516' title='bbox 1483 1616 1526 1652; x_wconf 86' lang='lat' dir='ltr'>sit,</span> <span class='ocrx_word' id='word_1_517' title='bbox 1542 1624 1570 1645; x_wconf 87' lang='lat' dir='ltr'>ut</span> <span class='ocrx_word' id='word_1_518' title='bbox 1581 1628 1630 1656; x_wconf 89' lang='lat' dir='ltr'>per</span> 
     </span>
    </p>

    <p class='ocr_par' dir='ltr' id='par_1_12' title="bbox 911 1661 1624 1692">
     <span class='ocr_line' id='line_1_74' title="bbox 911 1661 1624 1692; baseline 0 -1"><span class='ocrx_word' id='word_1_519' title='bbox 911 1662 1075 1691; x_wconf 83' lang='lat' dir='ltr'>voluntatem</span> <span class='ocrx_word' id='word_1_520' title='bbox 1108 1661 1159 1689; x_wconf 82' lang='lat' dir='ltr'>Dei</span> <span class='ocrx_word' id='word_1_521' title='bbox 1189 1661 1337 1689; x_wconf 86' lang='lat' dir='ltr'>turbulenti</span> <span class='ocrx_word' id='word_1_522' title='bbox 1370 1668 1459 1690; x_wconf 88' lang='lat' dir='ltr'>motus</span> <span class='ocrx_word' id='word_1_523' title='bbox 1489 1662 1624 1692; x_wconf 85' lang='lat' dir='ltr'>sedentur.</span> 
     </span>
    </p>

    <p class='ocr_par' dir='ltr' id='par_1_13' title="bbox 911 1707 1627 1747">
     <span class='ocr_line' id='line_1_75' title="bbox 911 1707 1627 1747; baseline 0 -10"><span class='ocrx_word' id='word_1_524' title='bbox 911 1708 1103 1747; x_wconf 79' lang='lat' dir='ltr'>Exspectemus</span> <span class='ocrx_word' id='word_1_525' title='bbox 1115 1707 1204 1745; x_wconf 87' lang='lat' dir='ltr'>itaque</span> <span class='ocrx_word' id='word_1_526' title='bbox 1217 1707 1355 1746; x_wconf 82' lang='lat' dir='ltr'>tantisper,</span> <span class='ocrx_word' id='word_1_527' title='bbox 1367 1714 1391 1735; x_wconf 86' lang='lat' dir='ltr'>et</span> <span class='ocrx_word' id='word_1_528' title='bbox 1404 1707 1537 1746; x_wconf 75' lang='lat' dir='ltr'>patientiae</span> <span class='ocrx_word' id='word_1_529' title='bbox 1549 1719 1627 1738; x_wconf 88' lang='lat' dir='ltr'>muro</span> 
     </span>
    </p>

    <p class='ocr_par' dir='ltr' id='par_1_14' title="bbox 911 1753 1628 1787">
     <span class='ocr_line' id='line_1_76' title="bbox 911 1753 1628 1787; baseline 0.001 -5"><span class='ocrx_word' id='word_1_530' title='bbox 911 1753 1079 1787; x_wconf 85' lang='lat' dir='ltr'>communiti,</span> <span class='ocrx_word' id='word_1_531' title='bbox 1095 1760 1189 1781; x_wconf 82' lang='lat' dir='ltr'>cuncta</span> <span class='ocrx_word' id='word_1_532' title='bbox 1202 1753 1304 1781; x_wconf 73' lang='lat' dir='ltr'>auxilio</span> <span class='ocrx_word' id='word_1_533' title='bbox 1320 1753 1370 1782; x_wconf 92' lang='lat' dir='ltr'>Dei</span> <span class='ocrx_word' id='word_1_534' title='bbox 1385 1753 1549 1782; x_wconf 83' lang='lat' dir='ltr'>restituenda</span> <span class='ocrx_word' id='word_1_535' title='bbox 1572 1765 1628 1783; x_wconf 82' lang='lat' dir='ltr'>esse</span> 
     </span>
    </p>

    <p class='ocr_par' dir='ltr' id='par_1_15' title="bbox 876 1798 1626 2020">
     <span class='ocr_line' id='line_1_77' title="bbox 911 1798 1625 1838; baseline 0 -10"><span class='ocrx_word' id='word_1_536' title='bbox 911 1810 1056 1838; x_wconf 85' lang='lat' dir='ltr'>speremus.</span> <span class='ocrx_word' id='word_1_537' title='bbox 1070 1798 1169 1827; x_wconf 85' lang='lat' dir='ltr'>Omnia</span> <span class='ocrx_word' id='word_1_538' title='bbox 1190 1809 1269 1837; x_wconf 88' lang='lat' dir='ltr'>porro</span> <span class='ocrx_word' id='word_1_539' title='bbox 1285 1809 1343 1836; x_wconf 70' lang='lat' dir='ltr'>quin</span> <span class='ocrx_word' id='word_1_540' title='bbox 1356 1809 1406 1827; x_wconf 86' lang='lat' dir='ltr'>vos</span> <span class='ocrx_word' id='word_1_541' title='bbox 1421 1799 1539 1836; x_wconf 83' lang='lat' dir='ltr'>perferre</span> <span class='ocrx_word' id='word_1_542' title='bbox 1552 1799 1625 1828; x_wconf 80' lang='lat' dir='ltr'>dixi—</span> 
     </span>
     <span class='ocr_line' id='line_1_78' title="bbox 876 1844 1626 1884; baseline -0.001 -10"><span class='ocrx_word' id='word_1_543' title='bbox 876 1856 894 1878; x_wconf 89' lang='lat'>1)</span> <span class='ocrx_word' id='word_1_544' title='bbox 910 1846 968 1883; x_wconf 84' lang='lat' dir='ltr'>stis,</span> <span class='ocrx_word' id='word_1_545' title='bbox 979 1846 1036 1884; x_wconf 85' lang='lat' dir='ltr'>jam</span> <span class='ocrx_word' id='word_1_546' title='bbox 1056 1851 1133 1872; x_wconf 85' lang='lat' dir='ltr'>antea</span> <span class='ocrx_word' id='word_1_547' title='bbox 1148 1855 1163 1872; x_wconf 89' lang='lat' dir='ltr'>a</span> <span class='ocrx_word' id='word_1_548' title='bbox 1185 1844 1348 1882; x_wconf 85' lang='lat' dir='ltr'>coepiscopis</span> <span class='ocrx_word' id='word_1_549' title='bbox 1370 1844 1416 1881; x_wconf 91' lang='lat' dir='ltr'>qui</span> <span class='ocrx_word' id='word_1_550' title='bbox 1437 1845 1549 1872; x_wconf 83' lang='lat' dir='ltr'>Romam</span> <span class='ocrx_word' id='word_1_551' title='bbox 1564 1845 1626 1873; x_wconf 87' lang='lat' dir='ltr'>licet</span> 
     </span>
     <span class='ocr_line' id='line_1_79' title="bbox 911 1889 1624 1928; baseline -0.003 -8"><span class='ocrx_word' id='word_1_552' title='bbox 911 1891 1026 1920; x_wconf 80' lang='lat' dir='ltr'>diversis</span> <span class='ocrx_word' id='word_1_553' title='bbox 1046 1889 1209 1928; x_wconf 86' lang='lat' dir='ltr'>temporibus</span> <span class='ocrx_word' id='word_1_554' title='bbox 1233 1889 1420 1927; x_wconf 85' lang='lat' dir='ltr'>confugerunt,</span> <span class='ocrx_word' id='word_1_555' title='bbox 1443 1889 1470 1917; x_wconf 86' lang='lat' dir='ltr'>id</span> <span class='ocrx_word' id='word_1_556' title='bbox 1485 1896 1523 1917; x_wconf 88' lang='lat' dir='ltr'>est</span> <span class='ocrx_word' id='word_1_557' title='bbox 1537 1900 1552 1917; x_wconf 87' lang='lat' dir='ltr'>a</span> <span class='ocrx_word' id='word_1_558' title='bbox 1571 1890 1624 1918; x_wconf 87' lang='lat' dir='ltr'>De-</span> 
     </span>
     <span class='ocr_line' id='line_1_80' title="bbox 911 1934 1625 1974; baseline -0.001 -9"><span class='ocrx_word' id='word_1_559' title='bbox 911 1936 1016 1972; x_wconf 84' lang='lat' dir='ltr'>metrio,</span> <span class='ocrx_word' id='word_1_560' title='bbox 1029 1935 1161 1974; x_wconf 81' lang='lat' dir='ltr'>Cyriaco,</span> <span class='ocrx_word' id='word_1_561' title='bbox 1184 1934 1313 1973; x_wconf 75' lang='lat' dir='ltr'>Eulysio7</span> <span class='ocrx_word' id='word_1_562' title='bbox 1329 1941 1353 1962; x_wconf 83' lang='lat' dir='ltr'>et</span> <span class='ocrx_word' id='word_1_563' title='bbox 1369 1934 1500 1971; x_wconf 78' lang='lat' dir='ltr'>Palladio,</span> <span class='ocrx_word' id='word_1_564' title='bbox 1516 1935 1561 1972; x_wconf 89' lang='lat' dir='ltr'>qui</span> <span class='ocrx_word' id='word_1_565' title='bbox 1577 1946 1625 1964; x_wconf 73' lang='lat' dir='ltr'>no—</span> 
     </span>
     <span class='ocr_line' id='line_1_81' title="bbox 909 1978 1621 2020; baseline -0.003 -9"><span class='ocrx_word' id='word_1_566' title='bbox 909 1982 1014 2011; x_wconf 85' lang='lat' dir='ltr'>biscum</span> <span class='ocrx_word' id='word_1_567' title='bbox 1035 1987 1107 2019; x_wconf 84' lang='lat' dir='ltr'>sunt,</span> <span class='ocrx_word' id='word_1_568' title='bbox 1124 1978 1283 2009; x_wconf 79' lang='lat' dir='ltr'>sciscitando</span> <span class='ocrx_word' id='word_1_569' title='bbox 1297 1979 1376 2019; x_wconf 85' lang='lat' dir='ltr'>plane</span> <span class='ocrx_word' id='word_1_570' title='bbox 1398 1990 1621 2020; x_wconf 75' lang='lat' dir='ltr'>compesci-amus.</span> 
     </span>
    </p>
   </div>
   <div class='ocr_carea' id='block_1_6' title="bbox 884 273 902 294">
    <p class='ocr_par' dir='ltr' id='par_1_16' title="bbox 884 273 902 294">
     <span class='ocr_line' id='line_1_82' title="bbox 884 273 902 294; baseline 0 0"><span class='ocrx_word' id='word_1_571' title='bbox 884 273 902 294; x_wconf 70' lang='lat' dir='ltr'>A</span> 
     </span>
    </p>
   </div>
  </div>
 </body>
</html>
