1843 2810
65 698 164 726 plctltplr.
186 703 204 718 t.

67 736 131 782 'lla-iil,
143 761 178 781 ¹:3-
188 766 204 780 1v

69 852 86 865 t.
106 847 152 865 vl'rm
183 845 207 865 (i.

78 1696 103 1714 Ar
113 1700 128 1715 Ι.
142 1702 164 1722 9.
178 1695 199 1715 5.

89 2228 107 2242 i.
121 2219 176 2241 (En.
190 2227 226 2241 πυ,

89 2260 125 2274 2,».

91 2360 156 2380 Psal.
180 2358 230 2379 1113-

90 2390 130 2411 32.

212 165 275 199 §oo
533 171 561 193 s.
590 168 727 193 imnis
754 165 933 189 cuarsosr.

964 164 1117 186 anetum).
1146 164 1270 186 CONSTA
1278 163 1397 185 NTtNOP
1404 178 1411 184 .

361 341 453 369 CUM
470 338 529 366 DE
551 337 577 364 E
580 336 635 364 ,ΥΡ
641 334 725 362 ULSI
731 332 812 360 ΘΝΕ
834 330 916 359 IPSI
919 330 964 358 ΠΒ
983 329 1090 358 SAJC
1096 330 1137 357 TI
1154 330 1177 358 J
1178 330 1333 358 OANNIS
1352 330 1383 357 A
1387 330 1442 358 GE
1445 330 1497 357 RE
1504 329 1592 357 TUR.

249 449 330 479 Multi
345 445 454 486 quidem
469 444 566 472 ssuctus
576 464 582 476 ‚
596 447 620 468 et
638 437 715 467 undce
738 437 883 471 immanes;
900 433 946 462 sed

213 495 347 533 submergi
363 504 413 522 non
429 501 536 521 vereor:
550 488 612 526 quia
626 496 708 525 supra
723 491 824 523 petram
839 489 888 510 sto.
902 482 947 508 In-

213 545 299 574 saniat
312 543 375 571 licet
384 550 470 571 mare,
483 544 586 576 petram
599 545 651 563 non
665 538 749 572 potest
760 539 928 559 commovere
942 540 947 556 :

213 593 353 630 insurgant
367 585 563 627 quantumlibet
580 583 687 617 ssuetus,
701 579 777 608 navis
791 580 853 607 Jcsu
870 577 949 615 obrui

213 651 265 670 non
280 644 374 679 potest.
389 634 442 663 Sed
454 632 520 671 quid
537 630 651 670 putanti‘
670 638 702 656 ne
722 633 833 655 mortem
847 634 948 658 verear,

215 689 258 718 cui
274 687 364 716 vivere
383 681 506 710 Christus
528 685 579 713 est,
593 684 617 705 et
632 675 699 704 mori
715 673 842 702 lucrum?
856 682 888 700 ne
905 682 951 699 ex-

217 736 306 764 silium
326 731 527 772 pertimescam,
552 725 598 763 qui
620 723 742 752 noverim
766 720 875 749 Domini
898 729 953 747 esse

216 791 315 811 terram
326 803 333 816 ,
345 786 370 807 et
381 774 577 816 plenitudinem
590 771 667 810 ejus?
680 769 731 798 Sed
749 769 881 796 bonorum
891 776 953 805 pro-

218 829 388 868 scriptionem
403 831 535 856 metuam,
552 820 598 858 qui
614 818 695 847 sciam
711 815 782 854 quod
800 815 868 843 nihil
882 814 954 842 iutu-

217 878 294 906 lerim
314 876 340 903 in
359 874 431 902 hunc
450 869 592 904 mundum,
605 866 650 895 scd
668 874 752 902 neque
772 863 874 890 auferre
888 860 953 898 quid

217 923 336 964 possim?
360 918 492 956 Numquid
513 914 621 944 terroris
644 912 723 940 habet
747 909 879 943 munduS,
892 918 954 936 eon-

217 980 306 1001 temno
321 983 326 997 ·.
342 965 476 1006 quidquid
489 961 647 992 delectabile
664 959 743 987 habet
754 981 761 995 ,
778 957 861 985 rideo.
876 955 955 984 Divi-

219 1020 268 1048 tias
288 1028 337 1046 non
355 1015 450 1053 cupio,
464 1016 648 1052 paupertatem
663 1018 714 1035 non
730 1006 869 1039 horresco,
884 1014 955 1032 mor-

219 1075 270 1095 tem
287 1076 338 1094 non
352 1063 441 1091 timeo.
454 1060 517 1089 Vita
533 1058 603 1086 enim
618 1055 685 1084 milii
704 1054 739 1082 ad
760 1059 879 1082 vestrum
893 1062 956 1090 pro-

220 1115 318 1142 fectum
340 1106 525 1139 tantummodo
546 1104 666 1137 ducitur;
689 1101 733 1129 sed
759 1099 897 1128 caritatem
912 1109 957 1126 ve-

219 1169 302 1190 stram
319 1169 425 1199 precor,
445 1162 473 1183 ut
496 1163 570 1191 aequo
593 1150 682 1179 animo
699 1148 766 1176 sitis.
782 1148 867 1175 Nemo
886 1145 957 1174 enim

220 1220 267 1238 nos
282 1220 296 1236 a
314 1206 392 1235 vobis
413 1202 509 1244 poterit
531 1199 669 1228 divellere.
687 1197 761 1231 Quos
784 1195 855 1223 enim
878 1193 957 1221 Cbri-

220 1264 276 1285 stus
296 1252 452 1293 conjunxit,
466 1251 544 1278 homo
559 1257 610 1275 non
624 1244 768 1284 separabit.
781 1241 861 1277 Quod
882 1241 903 1269 si
927 1241 959 1269 de

194 1320 198 1326 ·
223 1304 334 1332 muliere
348 1308 373 1330 et
391 1300 449 1328 viro
476 1297 576 1325 dicitur
588 1307 593 1322 :
606 1295 730 1331 Propter
744 1292 798 1319 hoc
814 1290 959 1327 relinquet

223 1353 308 1380 homo
323 1355 435 1388 patrem
452 1355 534 1374 sunm
555 1349 581 1371 et
603 1347 726 1369 matrem
749 1345 775 1366 et
800 1337 959 1365 adlzoerebil

222 1402 307 1427 ιι.ι·οι“ι”
323 1407 382 1425 siae
395 1417 403 1432 ,
419 1401 446 1423 et
461 1397 545 1421 erunt
565 1390 621 1417 duo
645 1389 677 1415 in
695 1396 783 1415 carne
805 1395 864 1413 una
877 1395 885 1410 :
901 1382 960 1410 etsi

222 1443 378 1485 hujusmodi
393 1440 549 1479 nuptiarum
570 1434 722 1474 conjunctio
736 1433 769 1460 ab
784 1431 892 1459 bomine
909 1440 959 1458 non

224 1498 308 1531 potest
320 1487 452 1527 separari,
466 1484 550 1513 multo
565 1482 650 1519 magis
671 1478 791 1508 Ecclesia
808 1487 859 1505 non
875 1482 961 1527 potest

224 1552 239 1568 a
260 1545 365 1578 pastore
386 1533 490 1563 divelli.
509 1531 561 1560 sed
584 1530 724 1567 impugnas
740 1537 792 1554 uie.
806 1524 880 1559 Quid
895 1523 961 1551 milii

225 1586 329 1615 nocebit
355 1580 523 1622 impugnatio
548 1585 591 1606 tua
604 1599 611 1613 ‚
630 1575 680 1604 nisi
701 1573 762 1612 quia
786 1583 828 1600 mc
853 1570 961 1609 quidem

226 1634 365 1663 clariorem
381 1625 629 1668 impugnationibus
642 1623 696 1651 tuis
712 1620 823 1655 reddes,
840 1626 899 1647 tuas
918 1629 963 1647 ve-

228 1694 256 1711 ro
271 1687 389 1709 conteras
399 1676 487 1707 vires?
498 1676 604 1702 Durum
616 1671 687 1699 enim
701 1669 748 1697 tibi
762 1668 811 1696 erit
820 1666 964 1695 adversum

230 1728 371 1758 stimulum
391 1724 528 1753 calcitrare
545 1733 550 1748 z
571 1719 633 1757 quia
652 1727 703 1745 non
719 1715 859 1743 stimulum
874 1720 963 1741 retun—

228 1777 284 1813 des,
299 1775 345 1804 sed
356 1773 436 1813 pedes
462 1769 602 1798 calcitrans
619 1762 775 1794 vulnerabis
789 1773 794 1788 ε
808 1770 892 1797 neque
910 1760 965 1787 ssu-

230 1832 298 1858 ctus,
310 1822 357 1860 qui
378 1829 442 1848 saxo
461 1816 622 1849 alliduntur,
634 1811 749 1850 amplius
765 1807 869 1845 aliquid
884 1806 966 1857 proli-

230 1872 314 1906 cient,
331 1878 411 1907 quam
426 1872 453 1893 ut
469 1862 622 1900 semetipsos
636 1858 713 1887 fracti
726 1856 889 1889 dissolvant,
903 1860 928 1881 et
940 1863 966 1905 m

231 1928 339 1959 spumas
354 1912 489 1944 extenuati
505 1910 656 1948 depereant.
673 1903 773 1933 Christi
790 1902 908 1931 Ecclesia
927 1911 967 1928 ni-

231 1967 271 1995 bil
288 1965 382 1993 fortius
395 1961 432 1989 :si
447 1959 507 1997 quis
527 1967 584 1985 eam
605 1955 764 1993 impugnare
779 1949 920 1989 proponit,
931 1948 968 1976 vi-

233 2025 273 2042 res
288 2018 381 2040 atterat
393 2017 496 2037 necesse
506 2012 543 2033 cst
557 2016 562 2031 :
576 2003 627 2031 tale
639 2008 677 2029 cst
690 1999 759 2027 enim
770 2021 777 2035 ,
792 1997 865 2026 velut
879 1996 901 2024 si
914 2006 968 2023 cm-

232 2062 259 2089 lo
270 2060 372 2088 belluni
385 2055 528 2085 meditetur
539 2046 761 2079 iul'e1·1·e.llomini
776 2045 798 2073 si
812 2044 915 2072 bellum
930 2042 970 2070 in-

234 2109 313 2139 feras,
325 2107 433 2133 sortasse
444 2102 544 2132 vinces,
553 2105 598 2126 aut
609 2097 674 2125 sorte
684 2093 798 2123 vinceris
809 2104 814 2119 τ
825 2090 971 2119 Ecclesiam

236 2155 343 2183 vincere
356 2151 429 2179 nulla
446 2149 487 2177 xis
502 2146 610 2186 poterit.
624 2143 672 2172 Dei
686 2148 723 2170 cst
735 2139 865 2171 Ecclesia,
877 2138 923 2176 qui
935 2144 973 2165 est

238 2201 362 2230 omnibus
389 2197 491 2225 sortior.
512 2195 576 2222 :lut
599 2191 771 2220 ternitlamztr
794 2187 973 2215 Dominam?

240 2245 536 2284 Numquidforciores
558 2240 609 2267 illo
628 2239 746 2266 simius?
761 2236 833 2262 Deus
852 2232 975 2261 fundavit

239 2292 375 2332 hoc,quod
390 2290 548 2319 labefactare
564 2285 731 2313 conaris.;tut
746 2280 861 2320 experiri
873 2279 914 2307 vis
928 2290 975 2317 po-

242 2342 351 2372 tentiam
364 2336 473 2367 Domini
485 2336 497 2362 9
512 2336 572 2372 lpse
583 2340 620 2360 est
634 2333 689 2368 Qui
702 2331 815 2367 respicit
827 2337 912 2365 super
923 2333 976 2353 11¹1·-

241 2401 316 2424 rum,
329 2395 355 2416 et
371 2387 443 2423 facil
458 2393 522 2412 eam
536 2388 671 2408 tremere:
685 2385 709 2405 et
725 2378 818 2404 iterum
831 2375 875 2412 qui
886 2374 973 2411 jubet,

241 2445 265 2467 ct
279 2422 375 2465 trcmoi·
390 2433 445 2471 ejus
461 2429 603 2459 solidatur.
620 2428 669 2453 ,tut
681 2434 732 2452 non
746 2423 852 2455 vidisti,
863 2429 975 2449 tremcn-

241 2493 294 2514 tem
302 2482 437 2511 civitatem
449 2486 523 2506 tuam
536 2474 639 2513 quotics
652 2479 720 2500 stare
732 2470 792 2498 [ecit
801 2470 813 2496 ἒ)
825 2469 911 2497 Multo
922 2479 977 2496 ma-

243 2533 282 2566 uis
303 2528 450 2559 Ecclesiam
475 2534 549 2553 sulm
574 2527 727 2551 trementem
755 2516 849 2555 poterit
876 2516 976 2544 contir-

1001 444 1073 461 marc
1086 445 1092 460 :
1106 433 1200 462 fortior
1214 433 1284 462 enim
1306 433 1426 462 Ecclesia
1450 435 1535 462 multo
1553 445 1633 472 qnam
1650 441 1718 462 terra
1728 457 1735 471 ‚
1749 444 1831 464 Mmh.

1001 481 1055 509 imo
1069 488 1094 509 et
1106 481 1201 509 fortior
1215 481 1287 510 caclo.
1301 482 1412 509 Coelmn
1426 488 1454 510 et
1470 489 1546 510 terra
1558 484 1722 510 transibunt
1746 476 1775 498 35

1725 505 1732 515 ’
1749 506 1832 529 Meam,

1002 528 1094 554 ‘verba
1111 533 1207 554 autem
1223 537 1286 554 mea
1299 536 1356 554 non
1369 529 1542 555 transibunt-
1552 530 1618 563 Quae
1630 528 1712 556 rerba
1721 528 1734 556 Ξ)
1751 537 1787 559 ,8.

1006 574 1031 601 T
1031 584 1048 601 ιι
1064 584 1093 601 es
1109 575 1213 602 Petrus
1227 580 1253 601 el
1268 584 1350 611 super
1370 574 1446 602 hanc
1460 581 1572 612 petram
1585 576 1736 614 (edificabo

1004 621 1170 648 Ecclesiam
1183 630 1277 648 meam
1288 627 1315 648 et
1326 627 1417 658 portae
1429 623 1518 660 [riseri
1531 632 1588 649 non
1597 624 1739 660 praevale-

1007 669 1077 695 bunt
1094 670 1126 695 in
1146 678 1219 696 eam.
1240 667 1320 702 Quod
1335 667 1357 695 si
1380 678 1430 695 non
1451 667 1536 696 eredis
1555 669 1646 705 verbo,
1661 671 1740 699 rebus

1006 714 1071 753 ipsis
1091 721 1116 742 et
1132 715 1258 753 operibus
1273 713 1357 742 erede.
1373 715 1472 749 Quanti
1495 716 1602 754 tyranni
1624 717 1740 755 aggressi

1007 769 1067 790 sunt
1079 762 1238 801 impugnare
1250 762 1396 790 Ecclesiam
1410 763 1588 800 Dei?q11ania
1602 770 1741 801 tormenta,

1008 817 1119 847 quantas
1128 820 1219 838 cruces
1227 809 1417 846 adhibuerunt,
1428 810 1512 848 ignes,
1522 811 1650 847 fornaces,
1664 812 1741 849 feras,

1007 856 1119 891 bestias,
1131 856 1235 893 gladios
1249 856 1415 884 intendentes
1426 880 1432 891 ,
1446 864 1470 885 et
1482 857 1549 885 nibil
1562 868 1639 895 agere
1650 866 1742 898 potue—

1009 904 1092 931 runt?
1111 904 1163 932 Ubi
1186 915 1256 932 nune
1276 911 1337 932 sunt
1361 904 1402 932 illi
1425 905 1470 942 qui
1495 905 1550 933 lunc
1568 906 1703 943 fecerunt,
1718 914 1743 935 et

1010 951 1055 978 ubi
1079 950 1119 978 illi
1146 951 1191 988 qui
1221 952 1277 979 haee
1300 952 1403 979 sortiter
1423 952 1610 990 pertulerunt?
1624 954 1701 981 Nunc
1725 954 1743 982 ii

1009 998 1114 1026 atter-nis
1130 998 1215 1036 poenis
1230 1006 1397 1037 premuntur,
1412 1005 1436 1027 et
1458 999 1501 1027 isti
1520 1000 1624 1028 aeternis
1639 1000 1745 1038 gaudiis

1009 1046 1165 1083 eriguntur:
1177 1046 1261 1083 fulget
1277 1045 1346 1073 enim
1358 1045 1474 1073 Ecclesia
1486 1057 1566 1085 super
1575 1047 1742 1085 splendorem
1755 1064 1790 1082 ῃ.)

1009 1093 1082 1127 solis,
1091 1100 1115 1121 ct
1129 1100 1329 1131 pei-setpiutores
1337 1093 1393 1131 ejus
1405 1094 1541 1132 perpetuis
1553 1095 1668 1123 tenebris
1682 1106 1743 1123 con-

1010 1147 1145 1177 teguntur.
1167 1141 1226 1168 Non
1242 1140 1307 1179 legis
1326 1140 1467 1179 scriptum,
1481 1141 1542 1179 quia
1558 1141 1681 1170 undecim
1696 1143 1744 1171 soli

1011 1195 1085 1216 crant
1097 1210 1105 1225 ‚
1122 1194 1147 1215 et
1166 1187 1238 1216 vinci
1265 1198 1315 1215 non
1338 1189 1501 1226 potuerunt?
1517 1190 1602 1225 Nunc,
1613 1189 1660 1217 ubi
1673 1190 1745 1218 orbis

1011 1242 1143 1263 terrarum
1155 1234 1271 1273 repletus
1279 1241 1317 1263 est
1326 1235 1433 1273 piorum
1446 1235 1628 1272 multitudine,
1638 1247 1745 1274 quomo-

1012 1282 1047 1310 do
1058 1289 1181 1321 poterunt
1197 1282 1265 1311 vinci
1276 1282 1288 1309 1*
1304 1283 1414 1310 Coelum
1428 1289 1454 1311 et
1470 1289 1547 1311 terra
1559 1286 1726 1312 transibunt
1736 1307 1744 1318 ‚

1013 1331 1105 1358 ‘verba
1125 1336 1222 1357 autem
1242 1340 1306 1357 mea
1322 1340 1379 1357 non
1395 1332 1569 1359 transibunt.
1587 1331 1620 1359 Et
1636 1331 1743 1360 merito:

1013 1376 1099 1404 carior
1113 1376 1185 1403 enim
1200 1375 1318 1403 Ecclesia
1331 1375 1390 1411 Dei,
1403 1386 1484 1413 quam
1496 1376 1600 1404 caelum.
1610 1378 1667 1404 Non
1679 1377 1748 1405 enim

1014 1423 1132 1452 Ecclesia
1155 1429 1261 1462 propter
1282 1423 1375 1450 caelum
1388 1445 1396 1459 ,
1410 1423 1455 1451 sed
1477 1430 1584 1461 propter
1604 1423 1750 1452 Ecclesiam

1014 1471 1118 1499 caelum.
1138 1470 1213 1499 lN'iliil
1230 1469 1309 1505 enim,
1322 1481 1410 1508 qumso
1420 1492 1427 1505 ,
1444 1471 1581 1508 perturbet
1596 1482 1643 1499 vos
1658 1482 1750 1499 eorum

1014 1529 1071 1556 quae
1086 1518 1129 1556 agi
1145 1517 1253 1546 vidctis.
1268 1517 1401 1545 Ponamus
1412 1524 1472 1545 ante
1483 1518 1573 1545 ocutos
1585 1525 1687 1546 nostros
1698 1519 1749 1547 Pc-

1017 1574 1087 1594 trum
1109 1576 1188 1604 super
1212 1576 1295 1603 aquas
1318 1564 1482 1593 incedentem
1495 1587 1502 1600 ,
1517 1572 1542 1593 et
1567 1576 1661 1604 parum
1684 1566 1750 1603 qnid

1017 1613 1181 1641 liwsitantem
1193 1634 1200 1648 ,
1214 1618 1294 1649 atque
1311 1611 1346 1639 ob
1370 1611 1420 1639 hoc
1436 1611 1578 1649 paululum
1599 1612 1751 1650 periclitan-

1018 1667 1086 1696 tem,
1102 1670 1153 1687 non
1171 1666 1279 1698 propter
1295 1658 1441 1697 potentiam
1462 1659 1608 1693 fluctuum,
1627 1659 1674 1687 sed
1695 1670 1751 1698 pro-

1019 1714 1077 1746 pter
1089 1706 1271 1734 infirmitatem
1286 1705 1357 1735 fidei.
1373 1705 1511 1743 Numquid
1525 1705 1642 1734 humana
1656 1706 1752 1735 volun-

1020 1761 1070 1782 tate
1082 1754 1134 1781 liue
1146 1753 1277 1787 venimus,
1289 1759 1334 1780 aut
1348 1759 1456 1791 propter
1470 1752 1605 1781 hominem
1620 1753 1674 1781 huc
1687 1764 1753 1792 pro·-

1019 1801 1093 1829 dueti
1109 1800 1222 1828 sumus?
1234 1799 1267 1827 lit
1279 1800 1337 1827 lucc
1357 1810 1407 1827 non
1426 1807 1581 1837 arroganter
1594 1800 1698 1838 loquor,
1710 1811 1755 1829 ne-

1020 1859 1071 1886 ‹pic
1092 1847 1220 1886 jactantia
1238 1847 1372 1885 agitatus,
1389 1846 1436 1874 sed
1457 1846 1560 1874 animos
1580 1854 1697 1884 vesu-os,
1710 1848 1756 1885 qui

1021 1897 1086 1923 sorte
1098 1895 1248 1929 turbantur,
1262 1893 1341 1932 cupio
1356 1894 1522 1922 confirmare.
1538 1894 1682 1922 Intuemini
1694 1905 1756 1932 ergo

1021 1942 1156 1981 quomodo
1174 1942 1324 1969 Commola
1340 1947 1381 1968 est
1397 1947 1422 1968 et
1440 1943 1611 1969 contremuit
1627 1948 1714 1976 terra,
1731 1949 1756 1970 et
1768 1958 1832 1979 l’sal.

1023 1997 1109 2018 tamen
1125 2000 1176 2017 non
1196 1988 1298 2016 corruit
1320 1987 1423 2016 civitas.
1437 1987 1594 2023 Quomodo,
1609 1988 1756 2027 impurissi-

1024 2048 1066 2065 mc
1084 2037 1209 2070 diabole,
1224 2035 1373 2064 Ecclesiam
1394 2042 1418 2063 te
1433 2041 1510 2073 putas
1530 2046 1605 2074 posse
1626 2035 1756 2074 dejicere,

1025 2085 1070 2123 qui
1092 2090 1232 2112 trementes
1246 2083 1359 2122 parietes
1373 2082 1491 2120 dejicere
1508 2082 1619 2110 minime
1633 2083 1759 2112 valuisti?

1027 2134 1084 2161 Non
1097 2138 1135 2159 est
1151 2131 1176 2158 in
1189 2130 1335 2169 parietibus
1349 2129 1480 2165 Ecclesia,
1490 2129 1535 2157 sed
1550 2129 1576 2156 in
1590 2130 1761 2159 multitudine

1028 2180 1143 2219 piorum.
1156 2178 1225 2206 Ecce
1235 2188 1314 2215 quam
1328 2177 1416 2211 fortes,
1425 2187 1505 2214 quam
1519 2176 1667 2204 immobiles
1678 2178 1762 2216 statis,

1029 2239 1079 2257 non
1093 2227 1173 2261 ferro,
1187 2225 1233 2253 sed
1245 2225 1297 2252 lide
1310 2223 1403 2251 vincti.
1415 2223 1449 2251 Et
1463 2223 1527 2261 quid
1543 2223 1576 2250 de
1590 2230 1661 2251 tanta
1671 2225 1763 2253 multi-

1031 2276 1123 2303 tudine
1138 2274 1232 2311 loquor
1240 2272 1252 2299 ἰ’
1266 2272 1355 2299 Unum
1371 2270 1476 2297 fidelem
1490 2269 1594 2301 vincere
1609 2281 1659 2298 non
1676 2279 1760 2310 potes.

1030 2326 1053 2351 ()
1063 2322 1177 2355 diabole,
1186 2319 1269 2348 neseis
1281 2328 1338 2355 quae
1351 2317 1400 2344 tibi
1413 2316 1519 2345 feceriut
1529 2324 1659 2355 martyres
1668 2319 1681 2345 1³
1692 2320 1764 2353 Quo.

1031 2371 1109 2399 modo
1127 2369 1276 2405 frequenter
1291 2365 1406 2402 ingressa
1421 2370 1458 2391 cst
1471 2363 1558 2402 puella
1575 2371 1649 2392 <etate
1665 2372 1763 2402 tenera,

1031 2418 1108 2446 annis
1123 2417 1278 2447 immatura,
1292 2419 1317 2439 et
1332 2412 1438 2439 inventa
1453 2417 1490 2438 cst
1505 2411 1574 2438 ferro
1590 2412 1691 2447 sortior,
1704 2424 1765 2441 cum

1032 2466 1112 2493 latera
1125 2463 1181 2500 ejus
1191 2459 1332 2494 scinderes,
1342 2459 1423 2486 sidem
1434 2465 1518 2486 tamen
1531 2459 1586 2495 ejus
1598 2469 1654 2487 mox
1663 2470 1765 2488 cronon

1033 2510 1143 2550 posses?
1162 2508 1263 2537 Defecit
1287 2507 1435 2543 frequenter
1459 2516 1518 2533 caro
1534 2505 1559 2533 in
1583 2507 1727 2543 tormentis,
1742 2515 1766 2535 ct
