1830 2829
715 203 743 224 ux
773 202 975 224 unruoriuu.
1537 192 1606 235 4¹35

726 434 852 463 Cinea
875 434 984 463 DUAS

388 560 664 606 SEQUENTES
692 559 738 595 IN
765 558 1045 594 EUTROPIUM
1073 559 1292 595 llOMlLlAS

621 689 1050 752 MONITUM.

112 852 258 890 Eutropius
270 851 409 879 eunuchus
431 850 515 889 gratia
527 849 599 889 apud
614 850 804 888 Imperatorem
820 847 964 877 Arcadium
984 848 1131 887 plurimum
1145 850 1260 885 valebat,
1271 851 1382 890 ejusque
1396 852 1507 881 consilio
1522 860 1546 882 et
1558 864 1607 882 au-

71 898 189 926 ctoritate
201 907 312 935 qumque
324 896 440 925 maxima
453 896 560 935 Imperii
577 896 680 934 negotia
696 896 863 933 gerebantur.
880 896 905 923 Is
915 905 977 923 cum
998 895 1108 923 ‚loannis
1120 895 1304 934 Chrysostonii
1316 897 1342 925 in
1356 897 1445 926 sedem
1456 900 1606 927 Constanti-

70 942 250 981 nopolitanam
266 941 439 980 promovendi
457 947 549 969 auctor
563 941 665 975 suisset,
679 940 754 968 initio
767 940 824 979 ejus
837 940 944 968 monitis
958 941 1115 980 placitisque
1137 941 1208 970 haud
1223 953 1291 980 aegre
1306 954 1405 971 morem
1425 944 1542 982 gerebat.
1556 945 1608 973 Sed

69 998 131 1016 cum
146 998 205 1016 eum
221 989 250 1017 S.
261 987 352 1016 doctor
361 987 395 1016 ob
407 987 544 1016 avaritiam
557 987 795 1023 ambitionemque,
805 986 889 1014 amico
905 986 963 1015 licet
974 987 1073 1020 anime,
1089 987 1239 1025 frequenter
1254 988 1420 1027 objurgaret,
1433 989 1459 1017 in
1472 990 1530 1028 ejus
1546 997 1607 1018 tan-

68 1031 129 1061 dem
144 1032 314 1061 offensionem
329 1032 452 1060 incurrit.
469 1031 542 1059 Inter
557 1031 608 1059 alia
623 1042 698 1064 vero,
712 1042 770 1069 quur
785 1038 878 1070 praeter
896 1032 1079 1071 Chrysostomi
1093 1033 1235 1062 consilium
1250 1040 1275 1062 et
1302 1034 1466 1063 voluntatem
1486 1035 1609 1075 designa-

69 1078 108 1107 vit
119 1078 276 1117 Eutropius,
293 1079 377 1116 legem
394 1078 456 1107 ferri
471 1077 585 1113 curavit,
603 1083 631 1105 ut
642 1077 709 1116 asyli
721 1083 745 1105 et
760 1077 935 1106 immunitatis
946 1079 992 1117 jus
1004 1078 1122 1107 ecelesiis
1139 1079 1291 1108 tolleretur.
1305 1081 1409 1110 Verum
1423 1081 1449 1109 id
1465 1082 1511 1110 ille
1526 1082 1551 1110 in
1567 1094 1611 1111 ca·
1619 1090 1655 1108 ³³0

69 1124 131 1163 pitis
154 1124 194 1152 sni
216 1124 357 1163 pernicicm
383 1123 490 1152 molitus
504 1130 541 1151 cst
558 1133 564 1149 :
579 1133 640 1151 eum
666 1123 735 1151 enim
761 1123 935 1151 Consulatum
954 1124 1014 1152 anni
1042 1123 1366 1163 undequadragentesimi‚
1391 1127 1501 1156 Arcadii
1524 1136 1604 1164 nutu,

69 1176 249 1207 consequutus
275 1177 352 1203 esset,
375 1169 561 1198 universorum
578 1169 603 1197 in
630 1179 657 1197 se
677 1168 768 1197 odium
789 1168 940 1198 concitavit.
958 1169 1028 1197 Tum
1052 1169 1223 1207 Tribigildus
1242 1171 1391 1207 Tribunus,
1407 1172 1475 1200 clam
1503 1174 1607 1203 favente

68 1213 166 1246 Gaina,
180 1220 268 1242 coacta
290 1214 406 1242 militum
419 1224 510 1249 manu,
522 1224 536 1241 a
552 1212 724 1241 formidoloso
735 1214 856 1253 principe
875 1214 1036 1253 impetravit,
1048 1222 1076 1243 nt
1090 1215 1175 1254 gradu
1188 1215 1347 1254 dejiceretur
1362 1217 1511 1257 Eutropius
1528 1230 1534 1245 :
1550 1220 1608 1257 qui,

68 1259 138 1297 quod
155 1270 238 1287 unum
264 1259 314 1298 ipsi
334 1259 487 1298 perfugium
505 1258 641 1287 residuum
659 1266 724 1295 erat,
739 1260 764 1288 in
783 1259 919 1289 ecclesiam
934 1271 961 1288 se
976 1260 1084 1300 recepit,
1103 1268 1128 1289 et
1142 1261 1258 1300 asylum,
1277 1263 1350 1300 quod
1365 1262 1410 1291 ille
1426 1263 1610 1302 abrogandum

68 1312 217 1341 curaverat,
231 1305 346 1344 supplex
358 1304 432 1333 adire
443 1311 548 1334 coactus
561 1311 608 1333 est.
622 1306 700 1333 Unus
711 1312 766 1333 tum
782 1311 805 1333 et
821 1306 887 1344 asyli
899 1313 923 1334 et
947 1307 1070 1345 Eutropii
1088 1306 1210 1335 defensor
1228 1308 1312 1337 adfuit
1335 1309 1552 1347 Chrysostomus,
1564 1312 1610 1349 qni

67 1350 169 1379 sortiter
181 1358 206 1379 ct
230 1351 348 1379 militum
370 1350 480 1389 impetui
494 1357 518 1378 et
531 1350 704 1389 Imperatoris
719 1349 824 1379 decreto
839 1351 952 1387 obstitit,
967 1359 991 1380 et
1004 1353 1090 1391 nejus
1104 1352 1220 1381 ecclcsiae
1234 1353 1382 1382 violaretur
1393 1355 1489 1383 effecit.
1506 1357 1610 1386 Verum

68 1396 124 1424 haee
139 1396 263 1436 pluribus
278 1397 302 1424 in
319 1396 382 1426 Vita
404 1397 598 1435 Chrysostomi.
614 1396 772 1434 Insequente
785 1403 842 1435 post
858 1397 983 1436 Eutropii
1005 1398 1031 1426 in
1047 1398 1184 1426 ecelesiam
1199 1406 1334 1438 receptum
1349 1399 1403 1435 die,
1418 1399 1486 1428 hanc
1500 1401 1610 1441 elegan-

67 1442 195 1471 tissimam
220 1442 372 1471 concionem
400 1442 494 1471 habuit
519 1442 725 1482 Chrysostomus
742 1453 749 1468 ι
779 1442 826 1470 ubi
848 1442 881 1471 de
905 1443 978 1472 fluxa
1006 1454 1095 1472 rerum
1120 1444 1297 1473 humanarum
1319 1445 1471 1475 conditione
1498 1448 1611 1478 mirifice

67 1490 185 1523 disserit,
202 1489 364 1528 Eutropium
387 1488 545 1528 compellat,
564 1489 673 1528 exponit
698 1499 778 1527 qnam
805 1488 953 1518 inconsulto
977 1490 1172 1519 immunitatem
1199 1491 1314 1519 ecclesiae
1333 1492 1434 1522 violare
1458 1496 1610 1529 tentaverit,

67 1546 146 1574 quam
162 1536 218 1574 ipse
231 1535 305 1574 prior
315 1534 387 1563 adire
400 1542 425 1564 et
438 1542 560 1574 expetere
574 1535 728 1574 compulsus
740 1535 773 1563 sit
792 1546 798 1561 :
816 1534 850 1563 ad
865 1536 922 1573 ejus
937 1541 1022 1564 tamen
1035 1535 1245 1565 misericordiam
1253 1537 1346 1576 populi
1361 1545 1459 1567 coetum
1476 1540 1511 1569 ita
1525 1545 1610 1579 παθη-

68 1583 147 1612 τικῶς
161 1580 290 1619 perpulit,
304 1586 332 1608 ut
348 1580 466 1608 omnium
474 1580 604 1619 lacrymas
612 1587 762 1609 excuteret.

108 1626 215 1665 Elapsis
240 1633 298 1665 post
321 1625 395 1654 illam
410 1625 528 1654 habitam
548 1625 688 1654 homiliam
703 1626 804 1664 aliquot
823 1624 930 1662 diebus,
948 1626 1097 1665 Eutropius
1115 1633 1144 1654 ut
1159 1626 1330 1657 inimicorum
1351 1631 1478 1660 excubias
1494 1632 1608 1670 falleret,

69 1680 175 1708 seseque
195 1670 354 1709 proriperet,
368 1670 401 1698 ab
426 1670 534 1699 ecelesia
549 1670 663 1709 aufugit.
674 1671 777 1699 Verum
794 1679 899 1711 eaptus,
914 1682 1030 1710 moxque
1045 1672 1071 1700 in
1087 1674 1211 1713 Cyprum
1224 1674 1365 1713 relegatus,
1377 1675 1527 1716 deindeque
1535 1679 1609 1710 hand

69 1716 103 1744 ita
118 1715 203 1744 multo
217 1715 307 1755 elapso
327 1723 447 1755 tempore
463 1715 659 1745 Chalcedonem
679 1715 822 1753 adductus,
840 1717 980 1746 damnatus
992 1718 1129 1758 capiteque
1148 1719 1245 1758 plexus
1258 1727 1308 1749 est.
1324 1722 1399 1751 Hanc
1413 1734 1493 1763 porro
1508 1732 1606 1766 tragoe-

67 1761 139 1790 diam
161 1762 187 1790 in
209 1762 273 1791 Vita
292 1762 478 1801 Chrysostomi
499 1761 533 1790 ad
547 1772 646 1790 annum
661 1763 720 1791 599
741 1762 867 1802 pluribus
887 1764 1103 1793 recensebimus:
1121 1776 1151 1793 ac
1166 1766 1250 1794 multa
1265 1777 1323 1804 quae
1336 1768 1370 1796 ad
1390 1768 1457 1798 hanc
1469 1770 1608 1802 historiam

68 1815 196 1846 spectant,
212 1808 255 1837 vel
280 1808 406 1836 hactenus
432 1807 548 1843 intacta,
571 1808 615 1837 vel
629 1808 750 1837 intricata
772 1807 933 1844 admodum,
948 1808 983 1838 ad
1005 1819 1096 1839 veram
1122 1820 1327 1849 germanamque
1342 1822 1432 1841 rerum
1445 1815 1539 1844 seriem
1560 1827 1608 1845 nos

67 1853 222 1882 reducturos
231 1864 378 1893 speramus.

108 1900 165 1929 Vix
179 1900 275 1939 elapsis
289 1900 395 1929 duobus
415 1907 475 1940 post
489 1901 613 1940 Eutropii
634 1901 725 1940 sugam
737 1900 833 1929 dicbus
855 1900 1007 1930 concionem
1018 1909 1170 1939 sequentem
1190 1901 1286 1930 habuit
1306 1902 1512 1942 Chrysostomus
1527 1915 1534 1932 .·
1558 1907 1606 1935 ubi

67 1945 228 1984 quibusdam
250 1946 393 1985 praemissis
411 1947 445 1975 de
473 1947 587 1976 utilitate
611 1947 731 1976 lectionis
756 1947 911 1976 divinarum
935 1946 1150 1985 &ripun-arum,
1172 1947 1304 1975 obsessam
1320 1949 1412 1986 paucis
1437 1957 1496 1978 ante
1510 1951 1606 1981 diebus

67 1991 204 2020 ecclesiam
219 1992 299 2019 fuisse
313 1999 412 2027 narrat,
428 2003 512 2030 neque
535 1999 622 2021 tamen
638 1992 766 2020 traditum
781 1991 897 2020 inimicis
909 1991 1087 2030 Eutropium,
1103 1991 1149 2029 qui
1163 1991 1186 2019 si
1206 1991 1344 2020 ecclesiam
1366 2003 1418 2022 non
1433 1994 1604 2034 deseruisset,

68 2044 161 2076 eaptus
174 2047 318 2076 numquam
329 2038 432 2067 fnisset.
449 2038 565 2066 Fluxam
579 2038 673 2066 iterum
689 2039 867 2067 humanarum
878 2037 1034 2065 facultatum
1048 2036 1258 2075 divitiarumque
1272 2037 1451 2069 conditionem
1462 2042 1497 2070 ob
1511 2043 1604 2072 oculos

68 2083 157 2121 ponit:
170 2082 357 2121 desertumque
373 2084 438 2112 dicit
454 2085 487 2113 ab
500 2084 627 2118 amicis‚a
643 2084 805 2119 domesticis,
816 2095 830 2111 a
850 2083 964 2112 fortunis
979 2083 1103 2111 omnihus
1114 2083 1287 2122 Eutropium.
1302 2086 1450 2124 Multisque
1461 2088 1559 2117 additis
1573 2089 1606 2118 de

67 2138 131 2156 vcro
152 2127 323 2165 legitimoque
337 2127 494 2156 divitiarum
510 2139 571 2164 usu,
586 2128 672 2166 deque
696 2128 750 2157 vita
774 2127 906 2167 praesenti,
923 2137 1003 2164 quam
1027 2127 1268 2165 peregrinationem
1282 2139 1338 2158 esse
1360 2139 1558 2167 commonstrat,
1571 2133 1606 2162 ad

67 2173 193 2202 Ecclesiae
207 2172 299 2201 laudes
313 2173 418 2209 transit,
433 2173 542 2212 ejusque
551 2174 657 2212 nuptias
670 2184 729 2202 cum
744 2173 850 2203 Christo
865 2172 989 2211 pluribus
1005 2172 1186 2212 prosequitur,
1199 2173 1249 2202 hoc
1263 2174 1414 2213 frequenter
1429 2187 1492 2206 usus
1506 2179 1605 2208 Psalmi

68 2218 263 2257 quadragesimi
280 2221 366 2257 quarti
382 2219 526 2252 versiculo,
540 2219 665 2248 Adstitit
678 2221 778 2258 regina
790 2230 808 2246 a
821 2219 930 2246 destris
943 2220 1000 2246 tuis
1019 2220 1049 2245 in
1068 2219 1174 2246 vestim
1186 2219 1335 2255 deaurato,
1346 2228 1397 2250 etc.
1413 2222 1501 2262 Hujus
1516 2231 1605 2253 autern

67 2265 198 2295 versiculi
210 2265 346 2294 occasione
359 2265 477 2294 Savilius
485 2272 509 2293 et
525 2266 623 2293 Fronto
633 2266 747 2293 Ducaeus
757 2265 825 2293 hanc
834 2264 988 2293 concionem
998 2264 1066 2292 inter
1078 2264 1209 2293 Homilias
1223 2265 1311 2294 varias
1323 2267 1350 2295 in
1364 2267 1483 2296 Psalmos
1498 2269 1604 2299 locave-

68 2318 140 2347 runt,
149 2311 306 2340 reclamante
321 2311 381 2339 licet
389 2318 413 2340 et
426 2311 504 2340 titulo
512 2318 537 2340 et
551 2311 634 2350 priori
647 2311 764 2339 homiliae
774 2317 858 2349 parte,
872 2310 918 2338 ubi
930 2310 964 2338 de
974 2317 1049 2349 capto
1058 2320 1072 2337 a
1084 2310 1216 2339 militibus
1226 2311 1357 2352 Eutropio
1366 2313 1491 2352 pluribus
1504 2316 1603 2353 agitur.
1619 2328 1623 2331 ·

67 2356 211 2385 Enimvero
224 2356 279 2384 haec
293 2357 402 2385 homilia
415 2357 524 2384 ubinam
540 2355 706 2385 commodius
720 2355 832 2389 locetur,
846 2367 925 2394 quam
941 2363 999 2395 post
1011 2356 1085 2385 illam
1100 2356 1158 2395 ipso
1180 2365 1310 2395 praesente
1324 2359 1455 2399 Eutropio
1466 2360 1605 2391 habitam?

66 2403 96 2431 ln
110 2401 156 2430 illa
165 2401 303 2441 quippede
314 2402 444 2441 Eutropio
458 2402 574 2430 ecclesiae
583 2402 687 2440 asylum
701 2400 1053 2440 etpraesidiumimplorante
1067 2403 1155 2440 agitur
1167 2413 1173 2435 3
1190 2402 1216 2430 in
1232 2403 1281 2432 hac
1293 2414 1356 2433 vero
1370 2404 1403 2433 de
1416 2405 1507 2435 eodem
1519 2418 1604 2436 ennu-

67 2447 116 2475 cho
129 2454 189 2486 post
200 2447 341 2476 dimissum
350 2448 466 2476 ecclesia?
481 2448 586 2487 asylum
597 2454 672 2486 capto
680 2457 765 2475 sermo
774 2446 897 2490 habetur.
907 2447 1068 2486 Hujusniodi
1078 2454 1166 2476 autem
1175 2448 1299 2477 homilias
1307 2450 1466 2489 separandas
1478 2462 1530 2480 non
1546 2464 1600 2481 esse

67 2502 129 2520 cum
142 2492 198 2531 ipsa
215 2493 292 2529 ratio,
309 2499 364 2521 tum
379 2493 557 2528 eruditorum,
572 2503 639 2531 quos
653 2492 827 2527 consulimus,
840 2491 974 2531 judicium
989 2492 1125 2521 suadebat.

107 2538 238 2566 Caeterum
250 2538 277 2567 in
299 2539 349 2567 hac
373 2539 512 2578 posteriori
530 2538 641 2567 homilia
655 2538 861 2577 Chrysostomus
875 2548 890 2565 a
905 2536 983 2565 solito
999 2536 1103 2565 dicendi
1124 2547 1217 2575 genere
1232 2547 1283 2566 non
1304 2549 1399 2577 parum
1413 2539 1537 2569 deflectit.
1553 2543 1603 2571 Hic

68 2580 136 2608 enim
148 2580 233 2616 illam,
257 2592 303 2610 ceu
318 2589 410 2621 sponte
427 2582 553 2611 fluentem
573 2589 662 2611 sancto
674 2581 777 2611 doctori
800 2581 957 2610 familiarem
974 2582 1131 2620 elegantiam
1146 2592 1197 2610 non
1211 2581 1446 2622 deprehendimus.
1466 2586 1602 2615 Orationis
