1828 2815
44 260 97 280 Luc.
107 265 140 285 ¹7·
149 264 183 279 1ο.

45 617 112 638 Psal.
131 616 168 638 50-

49 653 88 675 19.

48 1239 186 1265 I?crli'.2’›.2‹··v

198 180 263 215 108

195 254 284 283 omnia
297 253 448 290 fecerimus,
458 252 554 281 debere
571 263 618 281 nos
635 262 725 281 servos
740 251 847 279 inutiles
860 260 907 278 nos

194 309 297 328 vocare.
312 298 388 327 Istud
400 305 438 327 est
448 297 598 335 humilitas,
613 297 697 325 istum
710 296 851 325 imitemini
861 295 907 333 qui

194 352 264 374 reete
278 344 355 373 factis
367 344 483 383 insignes
497 344 575 379 estis,
592 344 766 383 publicanum
780 352 844 370 vero
860 352 907 370 vos

195 390 241 428 qui
250 397 418 429 peccatorum
428 389 500 428 pleni
512 389 573 418 estis
588 401 593 416 ε
609 396 633 417 et
651 389 825 418 confiteamur
834 386 908 424 quod

195 446 296 471 sumus,
318 435 497 474 percutiamus
525 441 626 473 peetus,
649 441 674 462 et
702 433 784 461 menti
811 439 906 460 nostrae

195 479 411 519 persuadeamus,
422 486 451 508 111
463 479 532 507 1111111
541 489 667 517 magnum
680 478 713 506 de
726 489 753 506 se
766 477 906 516 concipiat-

195 526 225 555 Si
236 526 307 554 enim
328 526 365 554 ita
379 525 508 553 fuerimus
523 525 622 560 aflecti,
638 524 737 552 sufficit
765 523 816 552 hoc
831 523 907 551 nobis

504 191 533 214 S·
562 190 701 213 JOANNIS
727 188 906 212 CHRYSOST.
936 186 1091 209 ARCHIEP.
1121 185 1388 210 CONSTANTINOP-

961 249 1047 286 μένον,
1060 248 1104 276 καὶ
1120 249 1340 286 διακεκλασμένον
1351 261 1357 267 ·
1372 248 1428 277 οὐδὲ
1442 249 1509 287 γὰρ,
1524 248 1568 277 ἐὰν
1585 249 1726 287 βούληται,

961 295 1106 333 ἐπαρθῆναι
1123 294 1241 322 δύναται.
1256 293 1335 322 Οὕτω
1354 294 1385 329 δὴ
1401 295 1444 323 καὶ
1459 297 1534 332 ἡμεῖς
1548 294 1583 332 μὴ
1599 295 1731 323 ταπεινώ-

961 351 1046 377 σωμεν
1074 339 1150 376 μόνον
1178 340 1225 374 τὴν
1247 340 1334 378 ψυχὴν
1358 340 1406 375 τὴν
1432 340 1573 379 ἡμετέραν,
1595 339 1662 368 ἀλλὰ
1685 341 1730 368 καὶ

961 385 1144 424 συντρίψωμεν
1167 386 1211 413 καὶ
1234 385 1434 423 κατανύξωμεν·
1463 386 1627 424 συντρίὸεται
1651 386 1677 413 δὲ
1694 388 1731 414 οἷ-

961 432 1036 460 κείων
1064 431 1262 487 ἁμαρτημάτων
1292 431 1445 468 μεμνημένη
1470 434 1593 470 συνεχῶς.
1615 432 1660 459 Ἂν
1687 430 1729 459 οὔ·

960 489 1010 509 τ11ς
1026 476 1105 511 αὐτὴν
1118 488 1334 514 ταπεινωσωμεν,
1350 477 1406 505 ουδὲ
1429 477 1573 514 βουλομένη
1595 477 1659 515 πρὸς
1681 479 1730 504 ffl-

961 534 1007 552 ὍΟν
1023 524 1167 556 ἀναστῆναι
1187 522 1342 556 Ουνῆσεῖᾱῑ,
1361 533 1450 560 ωῦπὶρ
1470 534 1536 554 τινος
1557 523 1664 560 γαλῑνθυ
1683 525 1729 551 τοῦ

195 570 229 599 ad
241 571 402 600 oblationem
412 577 437 598 et
448 570 627 599 saciificium:
640 570 707 598 sieut
721 576 746 598 01
760 568 852 597 David
865 568 907 596 di·
925 553 943 600 A
962 568 1104 599 συνειδότος
1120 566 1319 604 ἐπιὶαμὲανομέ
1308 579 1363 595 ενου
1378 567 1569 606 διεγειρομένης
1581 569 1673 602 αὐτῆς,
1684 568 1729 596 καὶ

196 617 288 645 cebat:
301 617 482 656 Sacrificium
506 617 569 644 Deo
593 617 710 652 spzrztus
727 615 907 644 corztzibula-

197 669 241 691 tus
249 675 260 696 ;
273 673 323 691 cor
335 664 491 691 contritum
503 668 530 690 et
552 662 738 689 humiliatum
759 662 837 690 Deus
851 671 908 688 non

197 708 342 746 despiciet.
362 708 420 736 Non
442 707 599 745 simpliciter
614 706 684 735 dixit
699 707 885 735 humiliatum
899 728 905 741 ,

197 753 244 781 sed
259 760 284 781 et
302 755 473 788 contritum,
487 752 560 789 quod
587 752 657 780 enim
681 759 719 780 est
744 752 886 780 contritum
900 774 907 787 ‚

198 799 361 827 confractum
376 805 414 826 est
426 809 430 824 :
442 808 525 835 neque
543 798 613 825 enim
629 804 724 836 potest,
737 797 909 835 quantumvis

199 844 287 882 cupiat
299 866 306 879 ,
324 843 421 871 efferri.
435 844 475 871 Ita
491 853 538 870 nos
553 854 658 880 quoque
672 853 723 871 non
736 843 909 871 humiliemus

198 896 300 917 tantum
315 889 431 917 animam
446 895 563 916 nostram
573 910 579 922 ,
591 888 636 916 sed
652 895 816 916 conteramus
830 888 909 916 etiam

198 941 223 963 01
235 944 446 973 compungamus
459 945 464 960 z
478 934 623 962 conteritur
644 941 732 962 autem
742 957 749 969 ‚
761 934 827 962 dum
848 945 909 962 suo-

199 988 258 1005 rum
282 984 409 1016 perpetuo
436 984 604 1015 peccatorum
628 977 790 1006 recordatur.
817 978 846 1006 Si
873 978 907 1006 ita

198 1023 272 1051 illam
288 1023 539 1057 humiliaverimus,
565 1033 597 1051 110
613 1023 634 1050 51
659 1023 725 1052 velit
746 1023 854 1061 quidem
880 1024 907 1051 in

197 1069 348 1107 superbiam
361 1068 426 1106 erigi
444 1069 554 1107 poterit,
567 1068 631 1096 dum
647 1080 660 1096 a
670 1069 829 1097 conscientia
841 1076 908 1097 tam-

197 1125 276 1152 quam
291 1115 363 1142 freno
378 1114 493 1152 quodam
509 1122 627 1153 correpta
639 1138 646 1149 ,
662 1125 693 1143 110
708 1126 734 1143 50
748 1116 847 1153 erigat,
863 1127 908 1143 re-

196 1159 334 1198 primetur,
341 1159 407 1188 etad
418 1159 575 1188 modestiam
584 1160 741 1188 servandam
752 1161 777 1188 in
786 1161 909 1189 omnibus

197 1206 380 1243 compelletur.
394 1207 433 1233 Ita
447 1205 593 1244 poterimus
607 1212 632 1233 et
652 1206 725 1244 apud
745 1207 831 1234 Deum
847 1217 908 1244 gra-

200 1251 263 1279 tiam
278 1251 396 1279 invenire
409 1263 414 1278 ε
430 1253 546 1289 Quanto
561 1251 631 1279 enim
647 1253 741 1290 major
754 1262 794 1287 es,
811 1252 908 1290 inquit,

198 1303 279 1324 tanto
308 1299 399 1335 magis
425 1299 546 1334 teipsum
572 1297 707 1332 humilia,
729 1304 755 1325 et
783 1300 910 1326 invenies

196 1343 323 1379 gratiam
339 1342 417 1379 apud
433 1343 538 1369 Deum.
555 1342 637 1370 Porro
649 1343 694 1380 qui
711 1343 824 1379 gratiam
838 1343 911 1381 apud

199 1387 286 1414 Deum
301 1386 446 1422 invenerit,
469 1386 536 1414 nihil
552 1387 643 1415 sentiet
664 1387 806 1423 molestiae,
825 1388 872 1415 sed
886 1394 911 1415 et

198 1432 225 1460 in
245 1432 294 1460 liae
319 1432 372 1460 vita
390 1432 485 1470 poterit
502 1442 563 1460 eum
585 1433 634 1460 Dei
650 1433 734 1470 gratia
750 1440 842 1460 cuncta
865 1433 911 1461 illa

198 1476 308 1505 adversa
319 1477 396 1505 facile
407 1477 583 1515 pertransire,
600 1488 630 1505 ae
643 1477 770 1516 repositas
782 1478 807 1505 in
830 1478 911 1506 altera

198 1522 253 1550 vita
277 1523 460 1561 peccatoribus
484 1533 574 1561 poeuas
599 1523 727 1561 effugere,
750 1523 913 1561 praeeedente

198 1568 296 1606 ubique
309 1568 393 1606 gratia
406 1568 466 1603 Dei,
482 1575 507 1596 et
521 1568 608 1596 omnia
623 1568 662 1596 illi
682 1569 796 1607 propitia
811 1577 835 1597 et
855 1570 911 1608 pla-

198 1613 258 1641 cida
287 1613 412 1641 reddente
429 1623 531 1650 :quam
553 1613 656 1642 utinam
679 1625 770 1642 01111105
792 1614 912 1643 obtinere

200 1658 331 1697 possimus
349 1658 374 1686 111
391 1657 497 1686 Christo
518 1660 581 1687 Jesu
604 1660 718 1687 Domino
738 1667 842 1695 nostro,
866 1672 913 1699 per

200 1714 279 1740 quem
292 1711 316 1732 et
336 1714 397 1732 011111
411 1714 463 1741 quo
484 1704 556 1732 Patri
571 1705 663 1742 gloria,
676 1716 727 1733 una
749 1715 809 1733 011111
823 1713 913 1734 sancto

201 1749 313 1787 Spiritu,
328 1760 397 1777 nunc
408 1756 433 1777 et
443 1760 557 1788 semper,
566 1757 590 1778 et
599 1750 625 1778 in
632 1750 726 1779 saecula
741 1751 911 1779 sceculorum.

202 1796 296 1823 Amen.

961 613 1182 645 καταστέλλοντος
1197 624 1241 641 και
1265 612 1396 645 πείθοντος
1415 612 1588 651 μετριάζειν’
1577 625 1602 642 εν
1622 613 1729 642 ἅπασιν.

962 658 1040 687 Οὕτω
1056 658 1219 695 δυνησόμεθα
1215 657 1314 712 Νἱπαρὰ
1326 659 1437 686 τ1-1(-)ε11
1458 669 1502 685 και
1526 659 1603 697 χάριν
1626 661 1727 697 εὑρεῖν·

961 703 1099 743 ’Όσ11γὰρ
1112 716 1143 740 με
1133 704 1218 741 ἐγας
1207 706 1242 737 εἰ,
1256 714 1335 741 φησι,
1347 702 1439 731 τοσούτ
1440 716 1461 731 11
1475 703 1597 732 ταπείνου
1612 704 1729 739 σεαυτὸν,

961 761 1005 777 και
1026 749 1141 777 ἐναντίον
1156 748 1252 786 Κυρίου
1268 748 1383 786 εὑρήσεις
1398 749 1484 786 χάριν.
1500 748 1561 777 Ο
1548 749 1575 777 οὲ
1596 749 1668 787 παρὰ
1692 751 1729 777 τῶ

962 796 1023 834 Θεῷ
1038 795 1114 833 χάριν
1133 794 1211 834 εὑρὼν
1221 816 1227 828 ,
1240 794 1341 824 οὐδενὸς
1353 794 1505 828 αἰσθήσεται
1516 796 1633 833 χαλεποῦ
1643 817 1650 830 ,
1662 794 1729 823 ἀλλὰ

962 841 1007 869 καὶ
1029 842 1138 868 ἐνταῦθα
1161 839 1299 873 δυνήσεται
1325 839 1391 875 μετὰ
1405 841 1451 873 τῆς
1466 843 1510 867 τοῦ
1531 840 1599 868 Θεοῦ
1623 840 1730 879 χάριτος

963 888 1048 915 ἐκεῖνα
1063 887 1169 915 ἅπαντα
1185 887 1241 923 μετ’
1265 885 1382 917 εὐκολίας
1409 886 1559 924 διαδραμεῖν
1584 885 1618 914 τὰ
1644 886 1729 921 δεινὰ,

962 933 1007 960 καὶ
1030 932 1074 964 τὰς
1097 933 1150 960 ἐκεῖ
1173 932 1294 969 κειμένας
1319 935 1371 962 τοῖς
1397 931 1576 969 ἁμαρτάνουσι
1597 932 1729 970 διαφυγεῖν

961 977 1104 1015 τιμωρίας,
1118 980 1164 1012 τῆς
1176 977 1283 1016 χάριτος
1297 980 1341 1005 τοῦ
1362 978 1430 1005 Θεοῦ
1442 978 1578 1014 πανταχοῧ
1593 987 1728 1014 προηγου-

963 1036 1054 1061 μενης,
1070 1035 1114 1051 και
1138 1022 1225 1050 πάντα
1240 1022 1450 1059 ἐξευμενιζουο-ης
1475 1033 1557 1049 αυτ1ι1·
1581 1017 1612 1055 ἧς
1629 1021 1730 1059 γένοιτο

961 1070 1060 1100 πάντας
1075 1071 1144 1105 ἡμᾶς
1160 1067 1300 1095 ἀπολαυειν
1321 1069 1346 1095 ἐν
1363 1068 1470 1105 Χριστῶ
1486 1067 1571 1100 tneo&
1587 1078 1624 1104 τῳ
1639 1066 1728 1105 Κυρίῳ

963 1117 1049 1152 ἡμῶν,
1061 1115 1093 1141 δι’
1111 1109 1138 1142 οὗ
1160 1125 1204 1141 και
1228 1114 1283 1149 μεθ’
1301 1115 1329 1140 οὑ
1354 1124 1390 1139 τ11
1406 1112 1492 1150 Πατρι
1518 1111 1593 1146 δόξα,
1616 1111 1671 1148 ἅμα
1691 1113 1729 1139 τῶ

963 1160 1028 1198 ἆγιυ
1044 1159 1196 1196 Πνεύυιατι,
1211 1161 1253 1186 νῦν
1268 1168 1312 1185 και
1327 1157 1382 1193 ἀεὶ,
1396 1157 1440 1185 καὶ
1452 1158 1487 1190 εἰς
1498 1169 1555 1189 τους
1570 1158 1664 1189 αἰῶνας
1677 1168 1729 1186 των

964 1204 1064 1233 αἰώνων
1069 1227 1074 1232 .
1090 1204 1114 1233 Ἀ
1120 1203 1182 1242 μήν.

773 2005 1182 2066 MONITUM

397 2150 445 2185 IN
471 2150 704 2186 HOMILIAM
730 2151 792 2186 DE
818 2151 991 2188 GLORIA
1018 2153 1067 2188 IN
1094 2152 1532 2188 TRIBULATIONIBUS.

245 2269 356 2297 Nullam
368 2269 426 2298 haee
434 2270 524 2298 concio
538 2281 591 2309 prae
605 2281 631 2299 se
642 2272 691 2299 fert
702 2273 827 2310 temporis
837 2280 938 2306 notam,
948 2283 1000 2311 qua
1014 2272 1057 2301 vel
1068 2283 1152 2301 annus
1163 2271 1327 2311 deprehendi
1339 2272 1382 2300 vel
1397 2271 1536 2303 internosci
1545 2271 1630 2300 valeat
1639 2272 1731 2301 Antio-

205 2314 314 2350 chiaene,
326 2325 358 2343 an
374 2315 602 2354 Constantinopoli
616 2315 709 2343 habita
722 2317 809 2345 suerit.
826 2317 955 2346 Caeterum
967 2329 1057 2347 omnes
1068 2318 1132 2357 styli
1143 2324 1210 2346 notae
1225 2317 1268 2345 hic
1281 2317 1503 2356 Clirysostomum
1514 2323 1648 2345 auctorem
1659 2317 1730 2346 desi-

206 2367 304 2398 gnant5
318 2367 347 2388 ut
361 2360 459 2389 mirum
470 2361 503 2388 sit
516 2361 606 2389 virum
619 2360 727 2389 doctum
738 2369 762 2389 et
772 2370 923 2392 accuratum
938 2363 1123 2392 Hermnntium
1140 2374 1197 2391 eam
1220 2363 1246 2391 in
1261 2363 1358 2395 νοθείας
1374 2363 1552 2401 suspicionem
1566 2373 1661 2392 vocare
1678 2374 1730 2393 non

207 2405 380 2441 dubitavisse,
395 2416 473 2443 quem
487 2405 546 2434 ideo
557 2406 618 2444 jure
631 2406 725 2434 refellit
749 2407 952 2444 Tillemontius,
966 2417 990 2438 et
1008 2410 1071 2448 styli
1084 2409 1244 2449 proprietate
1260 2415 1396 2448 permotus
1411 2415 1435 2436 et
1449 2408 1568 2447 Catalogi
1583 2408 1732 2447 Augustani

207 2451 357 2490 perantiqui
374 2451 399 2479 in
417 2452 486 2479 notis
500 2462 579 2490 supra
593 2451 659 2479 editi
674 2452 840 2491 testimoni03
855 2453 880 2481 111
897 2465 949 2492 quo
965 2456 1091 2493 Catalogo
1105 2456 1206 2483 sincera
1217 2454 1400 2493 Chrysostomi
1415 2464 1494 2493 opera
1507 2461 1630 2483 accurate
1644 2465 1735 2484 recen-

208 2503 306 2533 sentur,
318 2503 342 2525 et
355 2496 412 2525 haec
426 2496 527 2525 ibidem
538 2496 737 2535 quartadecima
753 2497 865 2526 locatur.

247 2549 433 2588 Interpretatio
446 2549 541 2578 Latina
557 2557 594 2578 est
608 2549 750 2579 Frontonis
766 2550 867 2578 Ducaei.
