1840 2839
740 198 918 221 lit‘ts'rjtuss.
1526 184 1595 230 643

64 258 130 297 χέῃ,
152 259 191 289 ὅτι
211 261 239 290 οὐ
263 260 397 299 δακρύεις,
421 260 477 289 ἀλλ’
500 260 526 288 ἐν
547 260 632 289 ἀνέσει
656 260 700 290 καὶ
722 260 830 299 εὐθυμία
885 259 921 288 ita
937 265 965 287 ut
980 269 1064 297 neque
1076 259 1165 288 animo
1180 257 1352 298 perturberis,
1366 268 1449 297 neque
1464 258 1597 298 lacrymas

65 304 170 343 διάγεις.
884 303 1016 343 effundas,
1030 304 1075 333 sed
1087 304 1231 342 tranquille
1243 311 1267 333 et
1280 314 1340 332 cuin
1354 304 1453 343 gaudio
1464 304 1555 343 degas.

271 403 340 443 Πρὸς
355 403 434 439 αὐτὴν
448 403 572 439 ἐπιστολὴ
589 404 621 442 β’.
1059 401 1113 430 Ad
1126 403 1255 431 eamdem
1271 403 1366 441 Epist.
1383 403 1426 430 ΙΙ.

105 499 216 540 ’“Ἤρκει
236 499 281 538 μὲν
303 501 346 529 καὶ
361 502 377 536 ἡ
393 501 483 540 πρῴην
499 503 607 530 ἐλθοῦσα
627 501 751 537 ἐπιστολὴ
767 502 830 541 πρὸς
926 501 952 528 1.
971 500 1140 538 Quamquam
1153 500 1264 539 epistola
1278 511 1318 538 ea,
1332 511 1412 539 quam
1427 511 1512 540 nuper
1525 499 1560 528 ad
1573 507 1597 528 te
1607 504 1692 525 cucuso
1711 511 1750 524 an.

1682 534 1688 544 Ι

65 544 112 580 τὴν
129 545 271 584 ἐμμέλειαν
287 546 333 582 τὴν
351 546 407 582 σὴν,
428 548 597 576 καταστεῖλαί
613 560 657 576 σου
677 550 724 583 τῆς
739 547 830 583 ὀδύνης
884 545 960 581 misi,
980 545 1013 573 :ul
1035 545 1135 574 doloris
1157 546 1194 574 tui
1217 554 1347 575 tumorem
1367 543 1636 585 comprimeudum¹¹⁰
1646 534 1700 564 404'

65 590 112 627 τὴν
133 592 295 630 φλεγμονήν·
318 593 407 627 ἐπειδὴ
424 593 451 622 δέ
472 606 499 622 σε
519 593 618 633 σφόδρα
640 593 831 632 κατειργάσατο
884 590 991 619 abunde
1005 591 1155 619 sufficiebat
1169 604 1173 618 :
1187 599 1272 621 tamen
1285 591 1346 629 quia
1363 592 1482 620 moeroris
1497 592 1599 621 acerbi-

64 638 111 671 τ’ἥς
123 636 234 675 ἀθυμίας
247 641 262 673 ἡ
278 638 397 676 τυραννὶς
406 661 412 673 ,
429 640 569 677 ἀναγκαῖον
586 634 652 666 εἶναι
665 639 773 676 ἐνόμισα
786 639 830 667 καὶ
886 644 924 665 tas
935 638 1062 676 majorem
1075 637 1099 665 in
1110 637 1220 665 modum
1234 645 1258 665 te
1266 637 1375 673 asllixit,
1388 637 1486 666 ideirco
1498 648 1599 666 necesse

66 681 187 722 δευτέραν
203 686 353 722 προσθεῖναι
368 686 400 721 τῇ
421 684 551 723 προτέρα,
566 683 633 712 ὥστε
650 695 678 712 σε
695 683 761 721 μετὰ
785 684 830 711 δα·
848 687 865 709 Β
885 683 951 711 mihi
967 693 1023 711 esse
1036 683 1189 711 existimavi
1211 683 1322 711 alteram
1338 694 1441 721 quoque
1457 684 1598 722 epistulam

65 728 166 765 ψιλείας
177 729 275 763 πολλῆς
291 728 480 768 καρπώσασθαι
495 729 542 763 τὴν
554 729 732 767 παράκλησιν,
745 728 789 756 καὶ
804 730 829 757 ἐν
883 728 1012 767 superiori
1024 727 1181 767 adjungere,
1196 739 1249 766 quo
1262 735 1288 756 tu
1305 728 1438 767 copiosam
1452 735 1477 757 et
1490 728 1599 757 uberem

66 773 176 811 ἀσφαλεῖ
204 785 244 802 σοι
265 774 298 802 τὰ
321 777 367 809 τῆς
388 774 473 813 ὑγείας
493 770 559 802 εἶναι
577 774 677 802 λοιπόν.
695 775 778 813 Δεῦρο
797 773 828 808 δὴ
884 773 1090 803 consolationem
1103 773 1243 814 percipias,
1257 784 1289 802 ac
1299 775 1356 813 jam
1370 774 1495 803 valetudo
1513 781 1555 803 tua
1572 775 1597 804 in

64 813 107 846 οἶν
130 818 174 846 καὶ
195 818 318 856 ἑτέρωθεν
341 819 506 848 διασκεδάσω
528 831 573 848 σου
590 821 635 854 τ’ἧς
655 819 767 857 ἀθυμίας
782 819 828 855 τὴν
884 826 940 849 tuto
952 827 1080 849 versetur.
1096 822 1152 858 Age
1162 820 1254 858 igitur,
1269 819 1376 848 aliunde
1388 831 1495 858 quoque
1505 821 1599 860 pulve-

64 862 143 892 κόνιν.
159 863 210 892 Καὶ
224 863 275 902 γὰρ
297 864 349 893 ἀπὸ
363 864 452 897 ἕλκους
476 865 520 893 καὶ
541 864 690 903 οἰδημάτων
706 866 829 904 χαλεπῶν
884 876 939 894 rem
961 877 1033 901 eum,
1051 877 1130 904 quenl
1147 877 1179 894 ex
1196 865 1278 894 animi
1294 877 1406 895 moerore
1420 867 1597 905 contraxisti,

65 909 133 937 κόνιν
148 904 222 947 οἶμαι
242 910 323 945 αὐτὴν
337 913 500 949 γεγενῆσθαι.
514 910 590 945 Πλὴν
604 912 662 939 ἀλλ’
677 912 734 939 οὐδὲ
748 910 829 945 οὕτως
883 911 1034 940 discutiam.
1060 911 1198 950 Siquidem
1222 923 1282 940 eum
1307 923 1341 940 ex
1364 912 1451 941 ulcere
1471 912 1600 950 gravissi-

65 955 207 992 ἀμελητέον
222 957 268 990 τῆς
282 956 432 994 ἐπιμελείας
445 959 492 991 τῆς
505 959 551 991 σῆς
562 979 569 992 ,
587 957 644 985 ἐπεὶ
658 957 702 985 καὶ
722 960 738 992 ἢ
761 957 830 990 κόνις
884 958 988 996 misque
1004 958 1153 986 tumoribus
1168 958 1194 986 in
1211 958 1350 997 pulverem
1365 969 1522 989 conversum
1544 970 1600 988 esse

63 1000 107 1029 τὸν
119 999 155 1038 μὴ
173 1000 240 1039 μετὰ
253 1002 366 1036 σπουδῆς
379 1002 458 1037 αὐτὴν
471 1002 621 1030 ἐκκλίνοντα
635 1004 660 1031 ἐν
675 1004 712 1042 τῷ
724 1014 831 1042 καιριω-
884 1003 1015 1031 existimo.
1032 1004 1135 1032 Verum
1148 1014 1180 1031 ne
1194 1003 1231 1032 sic
1246 1002 1354 1041 quidem
1371 1003 1532 1032 valetudinis
1547 1011 1598 1033 tuae

64 1045 136 1085 ’πάτῳ
159 1048 210 1074 τῶν
235 1047 320 1084 μελῶν
336 1047 429 1086 ἐπάγει
444 1047 491 1082 τὴν
510 1047 607 1086 λύμην,
629 1047 658 1076 τὸ
679 1048 769 1081 διειδὲς
785 1051 831 1083 τῆς
885 1059 948 1077 eura
962 1048 1106 1077 deserenda
1127 1055 1164 1077 est
1177 1049 1291 1077 :etenim
1306 1048 1398 1088 pulvis
1414 1060 1530 1087 quoque,
1547 1050 1599 1078 nisi

64 1090 143 1131 κόρης
155 1093 264 1120 θολοῧσα
276 1115 282 1128 ,
298 1092 342 1121 καὶ
355 1093 497 1132 ὁλόκληρον
511 1093 719 1132 διαταράττουσα
731 1098 775 1123 τοῦ
785 1097 831 1135 ῥα·
885 1094 945 1132 quis
956 1105 1016 1123 eum
1028 1105 1132 1123 summo
1144 1094 1232 1122 studio
1242 1094 1383 1134 propellat,
1399 1095 1468 1134 parti
1478 1096 1599 1124 omnium

64 1139 203 1175 θυμοῦντος
216 1138 245 1166 τὸ
260 1138 343 1176 ὄμμα,
365 1138 413 1167 Ἵν’
432 1134 475 1166 οὖν
497 1138 533 1176 μὴ
558 1139 602 1167 καὶ
625 1140 735 1167 ἐνταῦθα
756 1143 832 1168 τοῦτο
848 1144 866 1167 C
885 1139 1107 1179 praestantissima*
1118 1140 1232 1169 exitium
1242 1140 1328 1176 affert,
1348 1140 1459 1179 pupillze
1470 1141 1599 1170 nimirum

63 1183 186 1222 γένηται,
200 1183 268 1222 μετὰ
287 1185 402 1219 σπουδῆς
417 1185 517 1218 πολλ’ῆς
531 1185 575 1213 καὶ
587 1185 617 1213 τὸ
628 1184 749 1224 λείψανον
768 1185 830 1215 ἀνέ-
885 1185 1101 1224 perspicuitatem
1114 1185 1245 1220 inficiens,
1257 1196 1287 1213 ac
1298 1192 1381 1213 totum
1394 1186 1528 1214 nioereuti‘s
1538 1197 1600 1215 ocu-

62 1231 150 1268 λωμεν
165 1233 208 1259 τοῦ
226 1233 315 1260 κακοῦ.
336 1230 414 1259 Ἀλλὰ
430 1231 583 1266 διανάστηθι
593 1254 600 1266 ,
617 1231 661 1259 καὶ
675 1236 751 1271 χεῖρα
766 1234 830 1270 ἡμῖν
884 1231 941 1259 lum
959 1231 1079 1259 turbans.
1096 1233 1136 1260 Ne
1149 1232 1232 1270 igitur
1244 1231 1293 1259 hoc
1305 1242 1410 1269 quoque
1424 1231 1468 1259 hic
1482 1232 1598 1268 accidat,

63 1275 157 1314 ὄρεξον.
177 1275 266 1316 ζὈπερ
284 1277 335 1317 γὰρ
356 1277 399 1305 ἐπὶ
421 1279 473 1305 τῶν
494 1276 527 1305 τὰ
549 1277 660 1315 σώματα
679 1277 829 1315 καμνόντων
884 1277 947 1305 mali
963 1277 1088 1315 reliquias
1103 1288 1207 1306 summa
1223 1288 1284 1306 cura
1299 1284 1323 1305 et
1337 1277 1425 1306 studio
1441 1278 1597 1307 evellamus.

63 1321 214 1359 συμὸαίνειν
237 1322 337 1357 εἴωθεν,
362 1322 392 1350 ἂν
415 1322 448 1352 τὰ
472 1324 524 1351 τῶν
550 1324 645 1362 ἰατρῶν
670 1323 716 1360 μὲν
740 1323 830 1362 εἰσφέ-
885 1325 920 1350 At
932 1329 960 1351 tu
974 1334 1080 1361 quoque
1095 1330 1119 1351 te
1134 1324 1215 1361 erige,
1229 1334 1392 1361 manumque
1406 1324 1482 1352 nohis
1498 1325 1598 1362 praebe.

64 1379 153 1406 ρηται,
175 1366 210 1396 τὰ
234 1368 260 1396 δὲ
281 1367 385 1396 ἐκείνων
406 1369 555 1408 ἐλλιμποίνῃ
565 1391 572 1404 ,
595 1369 765 1398 διακόπτεται
783 1371 830 1403 τ’ἧς
884 1368 952 1396 Nam
962 1368 1188 1406 quemadmodum
1200 1369 1226 1397 in
1239 1369 1270 1397 iis
1282 1369 1328 1407 qui
1340 1380 1409 1408 :egro
1420 1380 1530 1408 corpore
1539 1377 1600 1399 sunt

62 1413 150 1451 ὑγείας
168 1414 198 1442 τὸ
221 1413 326 1454 κέρδος,
348 1417 425 1443 τοῦτο
447 1415 491 1443 καὶ
515 1415 558 1443 ἐπὶ
580 1418 626 1450 τῆς
649 1416 734 1454 ψυχῆς
756 1415 828 1453 γίνε-
885 1413 991 1441 evenire
1005 1414 1079 1450 solet,
1097 1421 1134 1448 ut,
1146 1415 1166 1442 si
1180 1414 1277 1442 medici
1289 1414 1399 1452 quidem
1415 1426 1455 1451 ea,
1469 1426 1528 1453 qua:
1540 1426 1600 1444 mu-

62 1459 252 1498 σΟαιπέφυκεν.
264 1459 313 1488 Ἵν’
323 1456 365 1489 οὖν
379 1460 415 1498 μὴ
427 1460 535 1499 γένηται
549 1465 642 1498 τοῦτο,
658 1461 702 1490 καὶ
712 1461 745 1490 τὰ
755 1460 828 1500 παρὰ
885 1459 954 1487 neris
974 1460 1015 1488 sui
1031 1467 1103 1497 sunt,
1120 1467 1253 1500 praestent,
1275 1460 1315 1488 illi
1330 1467 1418 1488 autem
1438 1468 1524 1500 partes
1539 1473 1600 1491 suas

63 1507 173 1539 σεαυτῆς
193 1505 259 1542 μετὰ
279 1507 326 1540 τῆς
340 1506 523 1544 προσηκούσης
541 1517 581 1535 σοι
602 1507 729 1539 συνέσεως
744 1507 826 1536 σπού-
884 1505 995 1534 minime
1007 1506 1150 1545 expleant,
1165 1506 1286 1534 sanitatis
1300 1506 1404 1534 lucrum
1420 1506 1599 1547 interrumpa-

62 1549 122 1582 δαζε
141 1550 267 1589 εἰσφέρειν
288 1553 361 1589 ἡμῖν,
376 1551 444 1580 ὥστε
460 1551 618 1591 ἑκατέρωθεν
637 1552 738 1587 πολλὴν
756 1552 828 1590 γενέ·
884 1557 929 1579 tur
942 1563 948 1579 t
962 1551 1055 1580 eodem
1068 1551 1149 1580 modo
1165 1553 1192 1579 in
1206 1551 1294 1580 anima
1309 1562 1416 1590 quoque
1427 1563 1468 1580 res
1483 1563 1538 1581 sese
1550 1553 1600 1581 ha-

62 1598 121 1624 σθαι
136 1595 183 1630 τὴν
198 1595 334 1634 ὠφέλειαν.
354 1596 432 1625 Ἀλλὰ
448 1597 576 1636 βούλομαι
591 1597 647 1635 μὲν,
669 1598 730 1630 ἴσως
744 1599 809 1637 ἐρεῖς
819 1620 826 1634 ,
882 1597 946 1625 bere
954 1598 1100 1626 consucvit.
1112 1598 1306 1634 Quamobrem,
1320 1608 1353 1626 ne
1364 1598 1414 1626 hoc
1425 1598 1538 1635 accidat,
1550 1610 1600 1638 pro

62 1642 91 1670 οὗ
106 1641 219 1680 δύναμαι
239 1642 280 1671 δέ·
298 1642 355 1672 οὐδὲ
369 1642 420 1683 γὰρ
433 1645 505 1681 ἀρκῶ
522 1643 729 1682 διακρούσασθαι
743 1645 773 1673 τὸ
786 1644 827 1672 νέ-
884 1654 913 1671 ea
926 1643 1077 1683 prudentia,
1088 1655 1146 1683 quae
1157 1644 1205 1673 abs
1217 1651 1242 1672 te
1253 1644 1414 1683 postulatur,
1427 1643 1460 1672 da
1472 1655 1578 1684 operam
1589 1667 1598 1682 ,

61 1699 106 1726 φος
120 1688 150 1716 τὸ
161 1687 257 1716 πυκνὸν
272 1688 316 1716 καὶ
336 1689 447 1727 ζοφῶδες
459 1691 505 1723 τῆς
518 1689 642 1726 ἀθυμίας,
659 1689 744 1718 καίτοι
766 1690 827 1730 σςρό-
845 1695 863 1717 Ι)
884 1696 913 1717 ut
935 1696 994 1717 tuas
1014 1701 1119 1728 quoque
1141 1696 1229 1729 partes
1247 1689 1325 1718 obeas
1339 1703 1344 1718 :
1359 1700 1413 1728 quo
1432 1697 1543 1728 utraque
1564 1701 1597 1719 ex

61 1733 109 1773 δρα
129 1735 319 1772 φιλονεικοῦσα.
336 1735 439 1773 Σκῆψις
458 1737 541 1763 ταῦτα
557 1735 602 1763 καὶ
617 1735 762 1774 πρόφασις·
775 1736 827 1775 ἐγὼ
883 1742 957 1774 parte
969 1736 1062 1774 ingens
1075 1735 1176 1763 utilitas
1191 1735 1300 1764 oriatur.
1317 1737 1353 1764 At
1366 1736 1433 1764 sorte
1447 1735 1518 1764 dices
1531 1759 1538 1772 ,
1553 1747 1598 1764 cu-

60 1778 110 1817 γὰρ
126 1774 183 1807 οἶδά
203 1791 247 1808 σου
265 1782 316 1808 τῶν
336 1781 469 1818 λογισμῶν
485 1779 532 1815 τὴν
551 1780 688 1818 εὐγένειαν,
708 1777 765 1810 οἶδα
781 1784 828 1817 τῆς
883 1781 927 1820 pio
937 1781 1048 1819 quidem
1060 1781 1147 1819 istud,
1164 1792 1259 1810 verum
1271 1792 1388 1820 nequeo,
1405 1792 1460 1817 nec,
1473 1782 1598 1819 quamvis

61 1824 185 1856 εὐλαὸοῦς
199 1836 243 1853 σου
260 1826 347 1864 ψυχῆς
360 1825 407 1860 τὴν
422 1825 508 1864 ἰσχὺν,
525 1821 583 1854 οἶδα
597 1828 643 1860 τῆς
659 1826 784 1860 συνέσεως
798 1827 828 1856 τὸ
883 1826 963 1854 etiam
983 1837 1107 1865 magnam
1129 1826 1323 1855 contentionem
1342 1826 1486 1862 adhibens,
1510 1826 1598 1855 densat

61 1870 174 1906 πλῆθος,
197 1872 243 1904 τῆς
260 1870 411 1909 φιλοσοφίας
425 1870 472 1905 τὴν
494 1870 612 1909 δύναμιν,
633 1872 678 1900 καὶ
698 1875 733 1905 ὡς
752 1875 827 1912 ἀρκεῖ
884 1877 970 1898 tamen
993 1877 1073 1907 atque
1096 1877 1158 1898 atrae
1174 1870 1297 1898 moeroris
1321 1869 1386 1897 nubi
1409 1869 1598 1908 propulsanda:

62 1927 101 1944 σοι
114 1915 191 1953 μόνον
208 1915 328 1948 ἐπιτάξαι
339 1917 376 1954 τῷ
391 1916 540 1955 μαινομένῳ
554 1919 600 1951 τῆς
615 1917 725 1954 ἀθυμίας
742 1919 826 1946 πελά-
884 1927 933 1954 par
947 1927 1017 1944 sum.
1037 1917 1119 1944 Mera:
1132 1915 1312 1944 excusationes
1328 1925 1358 1942 ac
1371 1915 1437 1943 meri
1452 1922 1597 1954 praetextus

62 1972 118 1998 γει,
141 1960 185 1988 καὶ
199 1960 285 1989 πάντα
299 1963 409 1995 ποιῆσαι
422 1961 548 1998 γαλήνην,
566 1961 626 1990 Ἵνα
649 1963 675 1990 δέ
693 1974 732 1991 σοι
752 1967 826 1992 τοῦτο
884 1961 933 1989 ista
944 1967 1005 1989 sunt
1016 1972 1022 1987 :
1034 1961 1095 1989 novi
1106 1960 1177 1988 enim
1188 1960 1284 1988 mentis
1297 1966 1347 1987 tuae
1358 1959 1535 1996 nobilitatem,
1546 1960 1597 1999 piae

62 2005 106 2034 καὶ
121 2007 291 2045 εὐκολώτερον
311 2006 433 2044 γένηται,
446 2006 491 2035 καὶ
503 2006 536 2035 τὰ
549 2009 611 2047 παρ’
628 2009 725 2036 ἑαυτῶν
747 2009 826 2037 εἶσοί-
884 2012 936 2033 tuae
949 2005 1043 2033 animae
1054 2005 1146 2040 robur,
1157 2004 1305 2044 prudentia}
1315 2005 1538 2043 magnitudinem,
1554 2016 1595 2034 sa·-

62 2063 159 2089 σωμεν.
180 2053 243 2084 Πῶς
262 2054 305 2080 οὐν
321 2051 414 2091 ῥαδίως
429 2052 525 2090 δυνήσῃ
542 2055 617 2080 τοῦτο
631 2056 753 2089 ποι-ἧσαι,
775 2054 827 2082 Καὶ
883 2051 989 2090 pientia}
1005 2051 1072 2086 vim,
1094 2051 1202 2089 scioque
1220 2057 1259 2079 sat
1273 2050 1323 2079 tibi
1342 2061 1397 2079 esse
1410 2051 1507 2079 furenti
1530 2051 1596 2079 huic

61 2097 94 2126 τὰ
116 2098 142 2125 ἐν
169 2100 201 2135 τῇ
227 2097 342 2137 προτέρᾳ
364 2098 488 2135 ἐπιστολῇ
515 2099 717 2137 ἀναλογιζομένη
741 2099 826 2128 πάντα
883 2096 1013 2125 moestitiae
1024 2093 1519 2135 mariimperare,1ittranquillaomnia
1532 2096 1596 2124 red-

61 2143 187 2182 (καὶγὰρ
199 2142 284 2172 πολλὰ
298 2142 396 2178 ταύτης
408 2142 493 2171 ἕνεκεν
508 2146 571 2181 ἡμῖν
587 2144 689 2184 εἴρηται
701 2146 747 2179 τῆς
759 2148 826 2174 ὑπο-
844 2152 862 2174 F,
883 2143 990 2171 dantur.
1007 2144 1111 2172 Verum
1125 2153 1178 2180 quo
1195 2142 1225 2171 id
1239 2142 1343 2171 facilius
1358 2142 1482 2182 consequi
1498 2143 1594 2182 possis,

61 2188 154 2222 θέσεως
166 2191 191 2218 ἐν
204 2188 287 2227 ἐκείνῃ
296 2192 305 2224 )
315 2211 321 2222 ,
332 2188 376 2217 καὶ
389 2191 445 2227 μετ’
459 2188 563 2217 ἐκείνων
575 2190 619 2218 καὶ
630 2193 705 2219 τοῦτο
715 2193 826 2219 ποιοῦσα
881 2199 911 2216 Ga
925 2199 1030 2227 quoque
1044 2199 1102 2226 (111ae
1118 2195 1269 2216 nostrarum
1284 2188 1402 2227 partium
1417 2195 1490 2225 sunt,
1505 2189 1595 2216 confe-

60 2234 124 2274 ὅπερ
145 2234 277 2263 ἐπιτάττω
291 2236 334 2262 νῦν
350 2234 413 2272 ἐγώ.
433 2234 469 2262 Τί
487 2235 514 2263 δὲ
535 2235 611 2263 τοῦτό
634 2237 718 2271 ἐστιν,
739 2235 825 2265 υΟταν
882 2245 980 2263 ramus.
994 2235 1115 2269 Quanam
1124 2234 1208 2273 igitur
1217 2235 1319 2263 ratione
1330 2234 1356 2263 id
1365 2235 1468 2264 efficere
1481 2236 1593 2275 poteris?

15 2279 19 2284 ⁷
59 2280 172 2319 ἀκούσῃς
193 2281 234 2310 ὅτι
252 2282 303 2308 τῶν
324 2281 489 2315 Ἐκκλησιῶν
513 2283 529 2316 ἦ
554 2280 600 2318 μὲν
627 2282 735 2317 κατέδυ,
756 2285 773 2318 ἡ
798 2283 825 2312 δὲ
881 2282 984 2320 Nempe
993 2281 1082 2309 sietea
1091 2281 1191 2315 omnia,
1203 2282 1405 2321 quaesuperiore
1414 2282 1594 2321 epistolaeon·

59 2325 211 2360 σαλεύεται,
236 2325 311 2365 ἑτέρα
335 2327 461 2365 χαλεποῖς
483 2324 677 2366 περιαντλεῖται
701 2328 825 2366 κύμασιν,
881 2327 1017 2363 tinentur,
1038 2333 1125 2355 tecum
1140 2326 1288 2356 consideres
1307 2327 1460 2365 (siquidem
1477 2328 1560 2356 multa
1578 2339 1593 2356 a

59 2371 127 2406 ἄλλη
141 2371 174 2399 τὰ
195 2372 262 2400 ἀλλα
283 2371 316 2400 τὰ
336 2371 468 2406 ἀνήκεστα
488 2372 623 2409 πέπονθεν,
645 2375 661 2407 ἡ
683 2373 729 2410 μὲν
747 2373 824 2403 λύκον
882 2384 942 2409 me,
970 2383 1028 2411 quae
1044 2372 1079 2401 ad
1094 2372 1146 2401 hoc
1161 2380 1349 2411 argumentum
1365 2380 1499 2412 spectent,
1517 2374 1544 2402 in
1564 2385 1593 2402 ea

61 2417 118 2445 ἀντὶ
131 2417 252 2454 ποιμένος
265 2417 383 2447 λαὲοῧσα
391 2440 399 2454 ,
413 2420 429 2452 ἡ
446 2417 472 2447 δὲ
488 2418 615 2458 πειρατὴν
631 2419 688 2448 ἀντὶ
700 2419 824 2459 κυόερνή-
882 2425 1087 2448 commemorata
1099 2425 1160 2447 sunt
1170 2422 1179 2456 )
1188 2440 1196 2455 ,
1208 2429 1238 2447 ac
1250 2426 1374 2458 praeterea
1387 2419 1437 2448 hoc
1447 2430 1510 2458 agas
1521 2419 1593 2458 quod

93 2501 104 2512 τ’
126 2494 167 2519 Sic
180 2494 268 2527 incipit.
279 2495 331 2520 haec
348 2495 452 2528 epistola
469 2497 494 2520 in
507 2496 623 2521 omnibus
633 2496 684 2522 fere
697 2499 757 2525 Mss.
770 2504 810 2522 at.-
837 2507 924 2523 vocem
944 2497 998 2522 haec
1021 2496 1097 2522 habet
1114 2497 1204 2530 Regius
1222 2505 1286 2520 unus
1303 2497 1329 2521 in
1348 2496 1465 2521 inferiore
1481 2497 1591 2528 margine

61 2541 108 2564 que
118 2533 151 2557 ita
163 2533 223 2566 legit.
234 2535 369 2566 Interpres,
385 2536 415 2559 In
428 2536 495 2567 prius
507 2535 588 2560 Editis
598 2535 737 2569 legebatur:
750 2543 811 2572 ἤμει
837 2539 916 2570 prima
935 2547 1025 2563 mauu:
1039 2537 1172 2571 ἐμμέλεια,
1184 2542 1197 2566 ἠ
1217 2539 1343 2567 eman-‚fi
1363 2540 1391 2565 ὡς
1410 2541 1434 2562 *50
1453 2541 1509 2563 εἵπΰι
1530 2548 1562 2565 τίς
1577 2542 1589 2566 ἡ

61 2575 102 2603 μὲν
121 2577 156 2598 καὶ
172 2577 184 2601 ἡ
206 2579 284 2608 πρώτη
303 2578 408 2603 ἐπιστολὴ
426 2579 480 2610 πρὸς
498 2580 537 2605 τὴν
556 2579 685 2607 ἐμμέλειαν.
705 2577 733 2601 In
748 2576 811 2602 lianc
838 2581 962 2609 ε’πιμεὶεικ-
