1843 2810
225 178 291 212 358
545 190 571 212 s.
600 190 737 214 sommis
763 190 942 213 cum'sos‘r.
972 191 1127 213 anemae.
1155 191 1421 215 consummor.

177 402 212 419 ³⁰⁰
784 390 1188 452 MONITUM

563 524 626 560 AD
652 523 886 559 IIOMILIAM
912 524 959 558 IN
986 524 1125 560 ILLUD
1150 524 1394 569 APOSTOLI,

331 646 421 677 SIVE
442 648 524 676 PER
548 646 831 683 OCCASIONEM‚
853 645 944 674 SIVE
966 645 1047 673 PER
1070 645 1321 674 VERJTATEM
1339 645 1543 681 CHRISTUS,
1564 646 1646 675 ETC.

264 753 338 781 Hanc
359 753 498 781 homiliam
522 751 647 780 hahuisse
659 751 878 790 Chrysostomum
891 760 943 787 quo
955 756 1071 789 tempore
1086 760 1146 778 cum
1163 751 1295 779 Anomoeis
1307 751 1452 780 Antiorhiae
1464 752 1642 790 concertabat,
1657 752 1679 781 si
1695 763 1746 782 non

223 798 331 827 omnino
347 805 446 827 eertum
459 821 466 835 ,
484 797 630 826 admodum
644 797 737 826 saltem
752 796 896 825 verisimile
911 802 956 824 est.
971 795 1003 823 ld
1019 796 1089 823 cuim
1103 795 1206 824 exordii
1220 796 1301 825 verba
1317 797 1439 826 suadent.
1453 798 1525 826 Cum
1541 798 1746 836 nuper-,inquit,

223 846 368 873 Pharisaei
382 852 408 872 et
422 845 573 883 publicani
589 845 763 871 mentionem
775 844 939 881 faceremus
958 848 985 869 et
999 843 1070 870 duos
1086 853 1186 870 currus
1201 853 1235 870 ex
1251 845 1361 871 virtute
1375 850 1401 872 ec
1416 854 1452 871 ez*
1466 846 1540 871 ‘uitio
1547 845 1744 883 jungeremus,

223 897 378 930 utrumque
393 891 569 919 ostendimus
579 913 586 925 ,
599 897 741 929 quantum
762 891 799 918 sit
814 891 844 916 in
857 889 1022 917 humilitate
1038 889 1122 922 lucri,
1136 895 1162 916 et
1179 895 1319 927 quantam
1339 891 1369 916 in
1382 892 1551 928 arrogantia
1570 891 1681 924 damni,
1694 896 1745 918 etc.

223 936 285 965 Haec
300 948 378 976 porro
393 937 482 965 confer
498 947 560 965 cum
575 936 616 965 his
631 936 720 965 verbis
736 935 857 963 Homiliae
880 934 980 972 quintae
997 940 1086 962 contra
1108 936 1247 962 Anomoeos
1261 944 1334 962 num.
1347 935 1367 963 6
1379 942 1403 963 et
1415 936 1450 963 7:
1466 937 1504 964 Ut
1518 943 1614 964 aulem
1629 936 1724 965 discas
1738 958 1745 971 ,

223 990 367 1022 quantum
384 984 487 1012 bonum
502 985 538 1011 sit
556 993 613 1010 non
629 982 722 1010 allum
738 992 838 1020 sapere
848 1003 856 1015 ,
871 981 942 1008 dnos
949 980 1034 1018 Jinge
1045 990 1146 1008 currus
1158 1002 1165 1016 ‚
1184 982 1274 1019 junge
1284 982 1429 1019 justitiam
1441 991 1505 1009 cum
1522 984 1703 1020 arrogantia,
1721 989 1749 1010 et

221 1036 371 1067 peccalum
392 1040 456 1057 cum
473 1029 639 1057 humilitate
652 1040 660 1055 .-
674 1029 843 1066 videbisque
859 1028 972 1065 peccati
991 1035 1107 1053 currum
1117 1027 1238 1064 justitia:
1257 1036 1371 1054 curram
1390 1027 1593 1064 prcecedere...
1612 1028 1649 1055 Ut
1661 1037 1748 1064 porro

223 1076 326 1103 videas
347 1076 424 1103 hanc
445 1076 540 1113 bigam
553 1075 608 1102 illa
621 1074 794 1102 velociorem
806 1082 878 1107 esse,
889 1071 1041 1100 recordare
1052 1071 1196 1098 Plzarisoei
1205 1077 1230 1098 el
1239 1071 1390 1108 publicani
1400 1083 1409 1104 ;
1416 1073 1518 1111 junxit
1529 1073 1697 1100 Plzarisoeus
1704 1074 1749 1111 ju-

223 1123 334 1149 stitiam
349 1127 375 1149 et
391 1122 606 1159 arrogantiam,
617 1126 664 1147 etc.
684 1119 731 1147 His
745 1118 892 1157 conspectis
906 1117 953 1146 vix
967 1124 1005 1145 cst
1019 1116 1091 1155 quod
1105 1116 1258 1145 dubitemus
1272 1117 1340 1145 hanc
1355 1117 1492 1146 homiliam
1508 1118 1600 1157 paucis
1614 1125 1673 1157 post
1687 1128 1749 1146 con-

223 1167 325 1195 cionem
350 1166 470 1204 quintam
495 1172 584 1193 contra
600 1167 739 1193 Anomoeos
754 1164 849 1192 diebus
863 1163 1061 1203 pronuntiatam
1077 1163 1165 1191 fuisse.
1180 1164 1281 1198 Quinta
1297 1173 1359 1191 vero
1378 1163 1488 1193 homilia
1506 1171 1597 1192 contra
1611 1167 1750 1193 Anomaeos

222 1223 279 1241 cam
293 1213 439 1252 praecessit,
454 1223 512 1250 quat
525 1213 551 1240 in
566 1213 595 1241 S.
608 1211 798 1250 Philogonium
813 1211 885 1239 dicta
905 1217 941 1238 est
956 1209 1072 1247 quinque
1086 1216 1146 1237 amc
1160 1209 1282 1237 Natalem
1292 1209 1400 1237 Domini
1416 1209 1520 1238 diebus.
1533 1209 1712 1244 Quamobrem
1726 1210 1750 1238 si

223 1259 291 1287 inter
306 1259 437 1287 Hoinilias
453 1258 479 1287 in
496 1258 686 1296 Philogonium
699 1264 724 1286 ct
742 1257 767 1285 in
786 1257 907 1286 Natalem
920 1255 1027 1284 Domini
1041 1256 1114 1283 nulla
1129 1255 1313 1287 intercesserit.
1327 1262 1356 1283 ut
1370 1255 1469 1294 optime
1483 1256 1590 1295 conjicit
1604 1256 1749 1284 Tillemon-

223 1306 288 1341 tius,
303 1305 359 1333 haec
370 1304 396 1332 in
408 1304 465 1332 (lies
480 1304 602 1332 Natalem
620 1303 726 1332 Domini
740 1303 927 1340 subsequentes
937 1324 944 1337 ‚
957 1308 1034 1340 atque
1047 1301 1113 1329 adeo
1125 1302 1151 1329 in
1164 1308 1309 1340 postremos
1320 1302 1381 1330 anni
1393 1303 1451 1331 586
1463 1302 1584 1341 apposite
1598 1302 1748 1341 conjicitur.

224 1352 284 1387 Qua
300 1351 332 1379 de
350 1362 376 1379 re
391 1350 514 1389 pluribus
530 1357 622 1388 agetur
642 1350 668 1378 in
687 1350 750 1379 Vita
766 1348 958 1388 Chrysostomi.
970 1348 1081 1376 Occasio
1095 1354 1183 1376 autem
1199 1346 1278 1386 hujus
1290 1347 1420 1376 habendae
1437 1348 1572 1376 concionis
1586 1349 1635 1376 ista
1648 1348 1707 1384 fuit,
1722 1354 1749 1376 ut

224 1397 280 1435 ipse
299 1407 350 1425 non
368 1396 448 1425 semel
461 1419 467 1429 ‚
480 1396 597 1424 maxime
609 1402 696 1424 autem
710 1405 782 1423 num.
798 1395 814 1423 5
830 1401 854 1422 et
872 1396 891 1423 6
905 1401 994 1433 aperte
1008 1394 1149 1432 significat.
1165 1394 1233 1421 Cum
1248 1393 1357 1431 quidam
1378 1394 1433 1422 haec
1447 1394 1559 1433 apostoli
1572 1394 1672 1431 verba,
1686 1394 1751 1422 Sive

222 1454 274 1482 per
285 1445 477 1477 occasionem,
493 1444 553 1470 sive
562 1453 614 1481 per
628 1444 782 1470 veritatem
795 1441 927 1469 Christus
941 1442 1139 1473 annuntietur,
1152 1446 1178 1467 et
1192 1442 1223 1467 in
1238 1440 1291 1467 Ιιοε
1299 1440 1422 1478 gaudeo,
1436 1450 1493 1477 quse
1506 1439 1530 1468 in
1542 1447 1609 1468 coetu
1624 1439 1749 1467 Ecclesiae

225 1489 290 1517 lecta
310 1489 427 1524 fuerant,
441 1488 475 1516 ita
490 1498 572 1527 prave
591 1488 825 1526 interpretarentur
841 1493 869 1514 ut
887 1486 1019 1521 dict-rent,
1036 1485 1099 1513 dum
1116 1485 1238 1513 Christus
1252 1485 1463 1517 annuntiaretur,
1479 1485 1545 1513 nihil
1567 1485 1701 1521 interesse,
1717 1495 1750 1513 an

225 1536 346 1563 haerctica
362 1545 394 1563 an
408 1545 470 1563 vera
479 1534 604 1572 dogmata
615 1541 699 1562 essent
712 1545 717 1560 t
733 1533 783 1561 hoc
797 1533 894 1561 erroris
904 1539 1053 1571 portentum
1063 1531 1172 1570 depellit
1190 1531 1244 1567 ille,
1261 1531 1438 1569 pluribusque
1452 1530 1616 1559 demonstrat
1626 1542 1676 1559 non
1693 1541 1750 1559 eam

225 1592 279 1609 csse
294 1581 369 1609 Pauli
385 1587 515 1616 mentem3
533 1579 579 1608 sed
595 1590 628 1608 cx
643 1590 702 1607 vcra
718 1589 807 1607 rerum
819 1585 953 1617 gestarum
969 1578 1081 1606 historia
1103 1577 1178 1606 Pauli
1192 1577 1348 1605 sententiam
1362 1577 1430 1605 hauc
1443 1587 1497 1605 esse
1511 1577 1668 1605 confirmat:
1682 1577 1750 1605 Cum

224 1627 334 1666 quidam
352 1626 427 1655 Pauli
449 1626 548 1654 inimici
565 1636 625 1653 cnm
647 1625 762 1653 vinculis
777 1624 949 1653 constrictum
970 1630 1105 1651 cernerent
1117 1646 1124 1660 ,
1136 1630 1166 1651 ut
1178 1624 1308 1651 Neronem
1326 1622 1353 1650 in
1373 1633 1432 1651 eum
1451 1623 1536 1660 magis
1549 1629 1750 1662 exasperarent,

225 1672 329 1712 ipsique
342 1672 484 1711 perniciem
507 1671 675 1708 molirentur,
692 1680 782 1699 veram
809 1680 952 1708 sanamque
966 1669 1046 1697 fidem
1061 1669 1120 1698 ideo
1149 1668 1344 1708 praedicabant,
1361 1675 1390 1696 ut
1403 1676 1480 1698 aucto
1494 1669 1687 1708 discipulorum
1701 1679 1751 1697 nu-

225 1729 297 1747 mero
317 1726 446 1758 tyrannus
460 1718 505 1746 illc
522 1717 547 1745 iu
567 1717 701 1745 doctorem
718 1716 818 1744 catenis
834 1723 957 1744 onustum
972 1715 1057 1753 magis
1073 1715 1209 1754 magisque
1223 1715 1327 1743 saeviret
1337 1737 1344 1751 ,
1361 1721 1450 1753 utpote
1464 1715 1520 1753 ejus
1534 1714 1661 1743 doctrinae
1675 1724 1748 1753 prae-

227 1775 317 1793 eonem
333 1764 462 1792 eximium
478 1775 483 1790 ε
499 1763 549 1791 hac
565 1773 625 1791 vero
639 1762 672 1790 (lc
689 1772 782 1796 causa,
797 1762 833 1790 ait
848 1761 1065 1800 Chrysostomus,
1079 1761 1179 1789 Paulus
1191 1760 1258 1789 dicit
1269 1783 1277 1797 ,
1287 1761 1351 1789 Sive
1363 1771 1415 1798 per·
1426 1762 1616 1795 occasionem,
1629 1762 1690 1789 sive
1700 1770 1752 1799 per

227 1812 381 1839 veritatem
398 1811 530 1838 Christus
545 1811 745 1842 annuntietur,
758 1814 785 1836 ec
797 1809 828 1835 in
843 1808 897 1835 hoc
908 1807 1028 1845 gaudeo.
1042 1807 1129 1835 Multa
1145 1807 1251 1846 praesert
1264 1806 1321 1835 haec
1335 1807 1445 1835 homilia
1461 1807 1489 1835 in
1503 1806 1634 1846 principio
1650 1806 1684 1836 de
1697 1806 1749 1835 hu-

227 1857 352 1892 militate,
362 1863 387 1885 et
401 1856 426 1884 in
440 1855 492 1884 fine
505 1855 538 1883 de
552 1855 667 1883 utilitate
679 1853 883 1892 necessitatequc
895 1852 1060 1892 precationis.

265 1902 359 1931 Incerti
374 1902 615 1940 interpretationem
631 1901 786 1940 rejecimus,
801 1910 948 1938 novamque
963 1898 1126 1938 paravimus.

519 2106 569 2134 [N
584 2104 659 2133 EOS
956 2103 975 2125 Λ
1257 2101 1375 2131 ’ΠΡΟΣ
1396 2102 1496 2132 ΤΟΥΣ

85 2216 184 2244 psHJlff,
203 2220 221 2235 1,
236 2203 291 2241 Qui
310 2200 386 2229 male
409 2205 529 2228 utuntur
551 2198 603 2226 hoc
622 2196 746 2235 apostoli
768 2195 844 2223 dicto
858 2193 941 2230 ,Sive
993 2194 1050 2224 Οὐκ
1075 2195 1111 2226 εἷς
1133 2193 1188 2222 δέον
1205 2193 1354 2233 χρωμένους
1375 2195 1412 2233 τῷ
1437 2195 1602 2233 ἀποστολικῷ
1625 2196 1696 2233 ῥητῷ
1715 2197 1753 2234 τῷ

86 2247 122 2269 ‹S-
273 2258 319 2287 per
336 2245 513 2280 occasionem,
527 2243 584 2271 sive
597 2253 642 2281 per
660 2242 800 2270 veritatem
818 2239 940 2269 Christus
1032 2239 1147 2277 λέγοντι,
1167 2240 1229 2269 Εἴτε
1249 2240 1391 2280 προφάσει,
1419 2240 1469 2269 εἴτε
1495 2239 1603 2279 ἀληθείᾳ
1615 2262 1623 2275 ,
1641 2240 1754 2280 Χριστὸς

270 2292 458 2329 annuntiatur,
475 2297 502 2318 et
514 2290 548 2317 de
559 2288 732 2317 humilitate.
1033 2285 1238 2326 καταγγέλλεται
1247 2298 1253 2304 ·
1267 2286 1311 2315 καὶ
1327 2285 1386 2324 περὶ
1399 2285 1641 2324 ταπεινοφροσύνης.

273 2390 299 2415 1.
316 2386 383 2414 Cum
402 2393 485 2422 nuper
501 2379 625 2410 Pharisaei
640 2386 665 2407 et
680 2378 814 2418 publicani
829 2377 942 2406 mentio·
1034 2379 1089 2406 Τοῦ
1104 2377 1252 2417 Φαρισαίου
1271 2377 1315 2405 καὶ
1332 2379 1376 2406 τοῦ
1396 2377 1507 2406 τελώνου
1530 2377 1752 2416 μνημονεύσαντες

236 2445 295 2463 nem
305 2434 462 2468 facerem¹¹⁵7
477 2439 508 2457 ae
527 2428 594 2456 duos
606 2436 699 2454 currus
711 2436 745 2453 ex
759 2425 859 2453 virtute
872 2431 897 2452 et
909 2435 941 2452 cx
995 2423 1095 2463 πρῴην,
1112 2423 1155 2452 καὶ
1170 2423 1275 2462 ἅρματα
1289 2422 1333 2451 δύο
1345 2425 1382 2462 τῷ
1392 2422 1461 2462 λόγῳ
1476 2423 1606 2457 ζεύξαντες
1621 2424 1646 2457 ἐξ
1661 2425 1753 2463 ἀρετῆς

271 2551 281 2562 ι
298 2540 393 2567 Collata
407 2547 463 2562 cum
480 2537 536 2561 Mss.
551 2532 702 2559 Colbernnis
712 2532 759 2556 970
772 2536 795 2554 et
809 2531 880 2557 3058,
894 2530 934 2562 qui
947 2530 982 2554 sie
1008 2536 1077 2561 υἱον,
1088 2534 1123 2555 „52
1135 2535 1190 2564 πρὸς
1202 2532 1250 2559 τοὺς
1262 2533 1299 2556 034
1313 2534 1340 2558 εἰς
1352 2532 1408 2560 ζέω,
1422 2542 1441 2555 κ.
1457 2541 1478 2555 τ·
1495 2533 1515 2554 λ,

238 2581 336 2605 titulum
346 2579 450 2603 esserunt
464 2581 502 2602 τοῦ
515 2578 581 2600 αὑτοῦ
593 2577 636 2607 πρὸ
649 2574 730 2599 τ;’,ὺτης
747 2572 853 2602 bladow&
868 2572 895 2596 εἰς
914 2575 982 2602 Φαρε-
