1840 2839
436 207 477 229 1)Ιί
505 209 521 230 tt
528 209 588 230 EGR
595 209 659 230 tszt
700 210 740 230 Ι)1·“.

23 272 57 292 4¹2
69 274 133 296 trem
143 268 323 307 suscipientes.
331 272 340 284 ¹¹
349 268 401 297 Sed
410 276 495 297 tamen
503 276 528 298 et
539 270 573 298 ad
584 270 633 298 hoc
644 271 800 310 respondeo:

68 315 168 344 Pascha
188 326 290 344 mecum
311 316 337 344 iu
358 317 426 345 votis
445 318 530 345 facere
548 318 686 347 habt-batis
699 343 705 352 ,
727 331 802 349 nemo

67 363 191 401 prohibet
203 363 281 392 hodic
296 375 342 392 vos
354 375 456 392 meeum
468 366 551 394 facere
565 366 663 395 Pasa-lia
676 380 680 394 :
693 368 738 396 sed
750 370 802 396 sor-

65 410 132 438 sitan
142 410 247 448 dicetis,
261 412 398 450 Numquid
408 412 461 440 duo
474 413 573 441 Pascha
586 415 620 442 sa(
629 415 680 442 turi
692 417 804 443 sumus'.)

66 458 135 492 Nou,
147 458 193 486 sed
205 469 298 493 uuum,
308 466 333 487 et
343 460 430 498 ipsum
442 461 635 500 multipliciter.
647 463 720 490 Sicut
732 463 801 492 enim

63 515 167 544 semper
179 506 217 533 sol
231 507 351 534 exoritur
364 529 369 539 ‚
383 514 409 535 et
421 518 471 536 nou
484 508 599 537 dicimus
613 510 710 538 multos
721 511 800 546 soles,

65 552 112 581 sed
126 560 164 581 est
180 553 219 581 sol
235 554 356 591 quotidie
369 554 473 583 oricus:
489 556 526 584 sic
541 563 566 585 ct
582 557 681 585 Pascha
697 569 801 597 semper

61 608 282 637 comminuatur,
299 609 323 631 et
340 613 400 630 eum
415 614 518 642 semper
536 604 699 640 celebretur,
717 616 800 634 unuin

60 655 99 677 est
126 649 300 678 solemnitatis
320 657 425 679 nostrae.
445 652 602 681 Judaeorum
625 653 725 681 similes
748 664 798 682 non

63 706 156 725 sumus
165 719 173 734 ,
186 708 237 726 non
249 698 379 727 servimus
392 699 463 735 loco,
476 710 523 728 nce
534 700 636 729 subditi
649 712 742 729 sumus
754 712 799 729 ne-

0 765 3 771 .
17 757 23 772 ι
33 743 177 772 1.cessitati
188 745 324 783 temporis,
335 745 467 774 dominica
476 757 540 775 voce
550 747 658 775 firmati.
671 749 798 785 Quoties—

60 800 197 830 cumque,
214 792 311 830 iuquit,
329 795 574 823 manducaveritis
583 805 689 833 punem
702 797 800 833 istum,

59 845 86 866 et
99 840 176 867 hunc
189 841 318 869 biberitis
330 842 452 869 calicem
461 864 467 875 ,
483 849 603 870 mortem
614 843 736 871 Domini
748 855 800 872 an.

58 886 238 913 nuntiabitis.
256 887 454 915 Annuntiamus
468 898 583 925 namque
595 888 674 917 hodic
687 897 800 918 mortem

57 931 228 962 Christi.Sed
240 940 302 962 tunc
313 934 422 971 quidem
432 935 562 963 festivitas
577 948 582 963 :
596 943 621 964 et
632 936 714 965 hodie
725 938 800 966 sesti-

57 979 197 1009 vitas.Ubi
211 981 282 1009 enim
297 982 392 1010 caritas
407 983 523 1020 gaudet,
541 983 579 1011 ibi
595 991 633 1012 cst
648 985 797 1014 festivitas:

56 1033 81 1056 et
92 1027 139 1055 ubi
153 1029 238 1067 recepi
249 1029 367 1057 laetantes
380 1030 450 1058 filios
461 1053 468 1065 ‚
482 1031 628 1060 maximam
642 1033 746 1061 celebro
758 1034 795 1062 fc-

3 1086 49 1108 ,,6,
59 1074 213 1104 stivitatem.
231 1076 336 1104 Etenim
353 1084 376 1105 et
390 1077 434 1105 illa
447 1078 578 1107 festivitas
591 1080 686 1108 caritas
697 1082 798 1110 est.Sic

58 1125 134 1151 enim
145 1146 154 1158 ,
171 1123 255 1162 inquit
269 1125 404 1163 apostolus
415 1148 421 1159 ,
438 1126 517 1155 Deus
530 1128 634 1155 ditm-it
647 1130 796 1166 mundum,

56 1175 87 1197 ιιι
102 1169 213 1196 Filium
228 1180 310 1197 sicum
326 1171 504 1209 unigenitum
523 1173 606 1200 daret
620 1183 673 1211 pro
688 1185 729 1202 eo.
743 1174 797 1203 Sed

55 1216 156 1253 multi,
172 1217 295 1255 inquiunt
312 1239 320 1253 ,
344 1224 368 1246 te
391 1218 499 1247 absente
519 1220 646 1259 baptizati
670 1229 740 1250 sunt.
765 1222 796 1251 Et

55 1264 119 1301 quid
135 1264 293 1292 tum?Nihil
303 1265 390 1292 minus
400 1265 478 1294 habet
489 1268 572 1303 gratia
582 1290 590 1304 ,
603 1279 653 1296 non
663 1269 796 1301 claudicat

52 1311 153 1340 donum
165 1312 231 1347 Dei;
249 1319 378 1351 praesente
390 1324 431 1341 me
444 1314 570 1353 baptizati
585 1327 636 1344 non
654 1324 732 1351 sunt,
748 1319 794 1347 sed

53 1367 180 1398 praesente
196 1360 304 1388 Christo
323 1367 384 1389 sunt
404 1360 539 1400 baptizati.
554 1364 692 1402 Numquid
715 1365 794 1395 homo

51 1413 90 1436 est
109 1407 155 1445 qui
175 1407 317 1446 baptizat?
334 1408 420 1436 lIomo
437 1408 576 1438 dexteram
592 1412 708 1449 porrigit
722 1436 729 1449 ,
746 1415 793 1443 sed

53 1455 125 1483 Deus
139 1465 250 1484 manum
265 1456 403 1494 gubernat.
422 1457 483 1485 Noli
498 1457 531 1485 de
545 1459 630 1495 gratia
645 1460 788 1498 dubitare,

51 1502 201 1536 carissime,
215 1503 275 1540 quia
288 1502 388 1531 donum
400 1504 449 1533 Dei
464 1511 511 1533 est.
527 1506 640 1535 Atteude
650 1507 792 1548 diligenter

50 1560 109 1587 quae
123 1549 249 1578 dicuntur
259 1572 266 1586 ,
283 1550 304 1578 si
316 1550 383 1579 forte
401 1551 491 1589 aliqua
504 1552 538 1580 de
549 1553 648 1582 causa''
657 1566 730 1585 sacra
743 1568 789 1586 ex-

50 1597 173 1635 plicanda
184 1604 232 1631 est,
245 1608 306 1626 cum
316 1597 445 1626 obtuleris
456 1609 546 1638 preces
556 1622 563 1636 ,
575 1608 599 1629 et
610 1602 789 1643 subscriptam

49 1644 181 1683 acceperis
195 1655 313 1680 sacram,
328 1655 379 1673 non
395 1646 508 1683 requiris
523 1649 595 1685 quali
608 1649 710 1680 calamo
723 1653 789 1681 sub-

49 1691 184 1731 scripserit
197 1702 257 1729 rex,
272 1703 357 1730 neque
368 1692 393 1721 in
406 1694 479 1731 quali
492 1694 592 1731 charta,
607 1707 693 1735 neque
705 1700 788 1737 quali,

49 1749 134 1776 quove
147 1746 309 1777 atramento,
327 1740 374 1768 sed
387 1751 468 1769 unum
484 1743 654 1773 solummodo
670 1748 767 1784 quaeris
775 1769 785 1786 ,

49 1785 73 1814 si
87 1796 136 1815 rex
149 1787 351 1826 subscripserit:
373 1789 411 1817 sic
425 1796 450 1817 et
464 1789 491 1818 in
506 1790 656 1830 baptismo,
674 1794 766 1824 charta
776 1819 785 1833 ,

49 1834 205 1862 conscientia
215 1841 253 1863 est
261 1847 267 1865 ;
275 1835 402 1871 calamus,
410 1835 502 1874 lingua
513 1839 669 1869 sacerdotis:
683 1852 786 1876 manus,

49 1881 133 1919 gratia
147 1888 185 1910 est
199 1882 316 1921 Spiritus
329 1883 422 1911 sancti.
437 1884 502 1912 Sive
517 1896 580 1924 ergo
595 1897 643 1925 per
657 1899 716 1926 me,
731 1890 787 1919 sive

48 1938 96 1966 per
117 1928 194 1957 illum
214 1929 260 1967 qui
285 1930 375 1958 officio
395 1931 517 1969 fungitur
536 1934 681 1963 sacerdotis
695 1958 703 1970 ,
730 1937 787 1976 ipsa

48 1985 142 2003 manus
152 1976 262 2011 scribit,
274 1987 321 2005 nos
332 1977 448 2006 ministri
458 1989 550 2007 sumus
560 2002 567 2016 ‚
584 1991 637 2009 non
649 1989 785 2013 auctores.

38 2021 84 2055 ,Et
95 2023 194 2051 Paulus
205 2023 328 2052 minister
338 2031 390 2052 est:
401 2025 448 2053 Sic
461 2028 546 2061 enim,
558 2027 654 2065 inquit,
667 2033 789 2060 (estimet

51 2080 101 2098 nos
114 2070 199 2097 homo
212 2077 361 2109 tamquam
380 2074 527 2101 ministros
540 2075 659 2110 Christi,
679 2084 706 2105 et
726 2079 787 2106 clis-

47 2123 215 2155 pensatores
224 2121 429 2154 mysteriorum
438 2120 503 2147 Dei.
518 2122 596 2158 Quid
602 2125 678 2150 enim
687 2125 786 2162 habes,

50 2165 129 2203 qnod
162 2174 220 2192 non
247 2168 386 2203 accepisti
403 2170 416 2194 Ρ
447 2167 477 2195 Si
506 2168 572 2205 quid
604 2169 701 2207 habco,
738 2184 786 2201 ac—

49 2212 124 2251 cepi:
143 2212 165 2240 si
186 2219 274 2241 autem
295 2213 394 2252 accepi,
415 2224 467 2242 non
483 2225 580 2249 meum,
601 2217 647 2246 sed
662 2219 718 2256 ejus
740 2221 786 2258 qui

49 2258 122 2288 dedit
138 2259 238 2288 donum
250 2267 296 2289 est.
313 2261 374 2289 Noli
389 2272 451 2300 ergo
470 2261 606 2296 dubitare.
627 2266 764 2296 carissime
778 2280 783 2295 :

49 2304 133 2341 gratia
144 2305 215 2333 enim
230 2305 279 2334 Dei
295 2306 410 2345 perfecta
423 2314 469 2336 est.
482 2308 569 2337 Locus
582 2320 633 2338 non
649 2313 784 2350 prohibet,

770 211 842 232 AhtA
872 212 978 236 CONST
988 215 1057 237 &N'l'l
1066 216 1204 239 Novom&
1215 233 1221 239 .

1531 214 1592 257 ἧφι

859 274 981 303 Clu-istus
1001 277 1026 304 in
1040 287 1117 306 eruce
1131 278 1260 307 latronem
1279 290 1313 307 ex
1327 281 1446 317 vulnere,
1465 289 1489 310 et
1509 284 1598 312 statim

859 320 974 358 paradisi
998 323 1095 352 meruit
1119 325 1229 363 januam
1258 336 1382 354 reserare.
1408 328 1519 366 Propter
1544 329 1599 358 lime

858 367 962 401 gaudeo
972 375 995 396 et
1010 370 1123 406 exsulto,
1138 378 1163 398 et
1177 371 1310 399 orationes
1326 380 1424 400 vesu-as
1434 374 1524 411 exigo,
1537 387 1597 404 rum

858 414 957 450 quibus
971 415 1005 443 ad
1029 417 1117 445 Asiam
1139 419 1255 457 perrexi,
1278 430 1338 447 cum
1355 420 1454 457 quibus
1477 433 1597 451 reversus

857 473 927 497 sum,
939 474 999 492 cum
1011 464 1109 501 quibus
1121 466 1245 504 pelagum
1259 468 1440 506 transfretavi,
1455 475 1479 497 et
1489 470 1597 508 adjutus

858 510 952 538 vestris
971 512 1136 540 orationibus
1155 514 1267 542 feliciter
1287 515 1431 553 navigavi:
1456 527 1502 544 nec
1525 518 1596 546 euim

856 558 946 585 navim
959 559 1023 586 citra
1036 570 1082 588 vos
1095 560 1228 598 ingressus
1239 572 1308 599 sum,
1319 573 1366 591 nec
1378 563 1449 592 exivi
1461 564 1527 593 citra
1539 576 1595 602 vos,

857 615 907 632 non
920 605 1066 635 incivitate
1076 607 1141 635 citra
1152 618 1210 644 vos,
1222 609 1305 637 autin
1318 610 1427 638 ecclesia
1439 611 1495 639 siue
1507 612 1595 649 vobis,

854 652 900 680 sed
912 653 1023 681 avulsus
1035 655 1142 692 quidem
1155 666 1225 684 cram
1235 667 1352 696 corpore,
1363 668 1500 687 connexus
1507 666 1595 688 autem

855 701 971 729 caritate.
987 702 1120 731 videbam
1144 714 1256 741 namque
1271 704 1418 734 Ecclesiam
1440 714 1555 735 vestram
1571 714 1596 736 et

856 747 881 775 in
894 748 996 786 pelag0‚
1014 756 1039 777 et
1050 750 1076 778 in
1090 752 1267 780 exsultatione
1276 752 1435 791 gaudebam.
1448 754 1515 783 Tale
1523 755 1595 784 enim

855 795 920 832 quid
941 796 1074 833 significat
1087 798 1192 833 caritas,
1211 810 1269 836 qum
1285 800 1366 828 nescit
1377 802 1532 839 angustari:
1548 802 1593 830 in-

856 842 959 870 trabam
974 843 1000 871 in
1021 844 1170 879 ecclesiam,
1192 846 1330 875 adstabam
1355 847 1444 882 altari,
1463 850 1594 878 orationes

855 890 1008 926 offerebam,
1021 898 1046 919 et
1062 891 1201 920 dicebam:
1219 894 1341 931 Domine,
1354 905 1480 923 conserva
1497 897 1593 925 Eccle-

855 937 920 965 siam
933 949 1013 976 quam
1029 939 1097 967 mihi
1118 940 1262 969 tradidisti.
1282 942 1340 979 Ego
1357 943 1468 980 quidem
1484 955 1595 983 corpore

854 984 948 1013 absens
960 996 1030 1021 sum,
1043 987 1089 1015 sed
1102 994 1145 1015 tua
1157 988 1338 1017 misericordia
1351 1001 1465 1028 pra¹scns
1476 998 1522 1027 est,
1534 1003 1593 1029 quae

854 1043 895 1060 me
906 1033 971 1061 illuc
981 1034 1118 1072 perduxit,
1128 1042 1152 1063 et
1164 1036 1312 1074 plusquam
1325 1038 1446 1066 merebar
1456 1040 1592 1068 concessit.

855 1079 889 1107 lit
903 1081 965 1118 quia
980 1082 1170 1120 amplificavit,
1186 1084 1333 1112 multitudo
1348 1092 1460 1114 testatur
1473 1097 1593 1125 prasen—

854 1127 930 1156 tium.
947 1128 1053 1157 Florere
1072 1130 1150 1158 video
1170 1131 1286 1167 vineam,
1301 1139 1327 1159 et
1344 1143 1476 1171 nusquam
1497 1135 1592 1173 spinae,

1321 1181 1456 1209 exsultant
1470 1192 1544 1219 oves,
1568 1190 1594 1211 et

854 1234 983 1261 nusquam
999 1224 1087 1263 lupus.
1108 1225 1189 1261 Quod
1205 1227 1227 1254 si
1249 1226 1329 1254 ctiam
1350 1227 1449 1256 alicubi
1471 1237 1592 1268 repertus

854 1186 937 1214 neque
952 1176 1068 1205 sentium
1085 1178 1138 1206 ulla
1160 1178 1272 1217 vestigia
1291 1191 1297 1207 :

851 1271 942 1306 fuerit,
957 1271 1121 1308 demutatur,
1134 1280 1159 1301 et
1179 1273 1207 1302 fit
1228 1274 1295 1302 ovis.
1312 1275 1398 1303 Tanta
1414 1276 1485 1304 enim
1503 1285 1590 1306 vestra

850 1325 888 1346 est
904 1319 970 1347 fides
987 1326 1013 1347 et
1032 1320 1138 1354 caritas,
1157 1327 1185 1349 ut
1200 1322 1370 1350 :emulatione
1384 1330 1469 1351 vestra
1483 1332 1590 1354 caeteros

850 1367 1007 1405 provocetis.
1020 1367 1080 1406 lpse
1096 1368 1227 1396 Dominus
1241 1379 1287 1397 vos
1300 1371 1478 1408 conservavit,
1494 1379 1519 1400 et
1533 1373 1590 1412 ipse

849 1424 891 1441 mc
904 1414 1022 1451 reduxit,
1044 1422 1069 1442 et
1091 1415 1117 1443 in
1132 1415 1289 1444 infirmitate
1311 1418 1413 1455 positus
1435 1419 1587 1449 orationum

847 1468 997 1490 vestrarum
1017 1462 1085 1490 sensi
1101 1462 1244 1499 auxilium,
1258 1474 1324 1502 quas
1338 1465 1406 1493 mihi
1423 1466 1544 1503 quotidie
1559 1468 1585 1496 in

846 1510 1003 1548 suffragium
1025 1510 1139 1549 postulo.
1162 1511 1345 1549 Peregrinatio
1367 1524 1424 1542 mea
1448 1516 1586 1545 coronavit

846 1555 980 1584 civitatem
1000 1563 1124 1585 vestram.
1141 1557 1175 1585 Et
1191 1558 1254 1595 quia
1276 1558 1431 1597 diligebatis
1446 1572 1478 1590 ex
1494 1562 1582 1598 initio,

845 1613 915 1631 nuuc
930 1604 1055 1632 omnibus
1067 1604 1238 1633 manifestum
1254 1613 1300 1634 est.
1323 1607 1369 1635 Sic
1389 1608 1459 1636 enim
1474 1620 1516 1637 me
1531 1611 1583 1638 ab-

844 1659 953 1687 sentem,
971 1658 1108 1690 tamquam
1126 1660 1283 1691 praesentem
1303 1654 1444 1684 habuistis.
1464 1657 1532 1685 Nam
1556 1659 1582 1686 in

844 1699 904 1728 Asia
919 1710 981 1728 cum
1000 1710 1084 1728 essem
1103 1699 1137 1728 ad
1160 1701 1333 1739 corrigendas
1357 1704 1501 1739 lindesie-as,
1521 1705 1585 1735 hine

843 1747 890 1775 illo
904 1747 1038 1775 venientes
1049 1747 1208 1776 nuntiabant
1221 1749 1312 1786 nobis,
1326 1749 1444 1780 dicentes
1456 1764 1461 1779 :
1475 1753 1583 1782 Inflam-

843 1795 920 1823 masti
944 1795 1092 1824 civitatem.
1119 1795 1154 1824 Et
1171 1803 1240 1825 certe
1264 1797 1360 1827 caritas
1376 1805 1496 1839 tempore
1516 1802 1583 1831 solet

842 1853 1013 1879 marcescere,
1036 1850 1123 1871 vestra
1146 1850 1235 1873 autem
1258 1845 1366 1874 dilectio
1386 1847 1507 1884 quotidie
1529 1860 1581 1877 au-

842 1890 1038 1927 gmentabatur.
1052 1890 1086 1918 Et
1100 1901 1178 1928 quem
1200 1891 1237 1919 ita
1260 1892 1397 1921 absentem
1413 1894 1579 1933 diligebatis,

842 1944 997 1975 praesentem
1012 1937 1091 1965 credo
1105 1938 1177 1975 quod
1203 1938 1299 1967 melius
1319 1941 1422 1969 ametis.
1438 1942 1491 1970 Iste
1505 1953 1581 1972 meus

842 1984 992 2018 thesaurus,
1009 1984 1049 2011 hae
1063 1991 1124 2012 sunt
1139 1995 1204 2013 meze
1219 1985 1331 2015 divitiae.
1354 1986 1389 2015 Et
1403 1987 1462 2017 ideo
1476 1997 1579 2019 vestras

841 2031 974 2059 orationes
986 2032 1103 2069 requiro.
1114 2032 1254 2061 Orationes
1269 2040 1363 2062 vestrae
1374 2045 1468 2064 murus
1477 2037 1544 2065 mihi
1553 2045 1579 2066 et

840 2078 977 2106 munimen
993 2085 1065 2107 sunt.
1078 2079 1139 2107 Noli
1153 2079 1252 2116 dicere,
1274 2080 1332 2119 Ego
1347 2081 1491 2121 languidus
1504 2095 1576 2122 sum,

840 2125 973 2163 quomodo
985 2132 1075 2164 potero
1091 2136 1139 2165 pro
1153 2126 1290 2156 sacerdote
1301 2129 1399 2157 orare?
1417 2131 1487 2159 Audi
1499 2132 1577 2161 Seri—

840 2179 947 2211 pturam
961 2172 1093 2201 dicentem
1108 2185 1113 2200 :
1139 2175 1240 2202 Oratio
1263 2177 1463 2216 autemfiebat
1483 2182 1577 2209 conti-
1587 2192 1639 2213 Aa,
1657 2199 1691 2213 12.
1702 2191 1725 2213 r..

829 2231 908 2248 xmca.
920 2219 955 2248 Et
967 2220 1143 2249 ecclesiastica
1164 2222 1249 2250 oratio
1267 2223 1348 2252 solvit
1361 2224 1469 2254 vincula
1491 2228 1575 2265 Petri,

840 2274 864 2295 et
880 2267 956 2295 Pauli
976 2267 1099 2297 dilatavit
1114 2268 1310 2307 praedicationis
1325 2271 1465 2301 fiduciam.
1481 2275 1576 2304 Oratio

839 2315 973 2343 caminum
1005 2315 1074 2354 ignis
1103 2316 1243 2352 exstinxit,
1266 2319 1352 2347 oratio
1375 2321 1506 2350 conclusit
1530 2334 1576 2352 ora

49 2351 106 2380 sive
123 2352 169 2380 hic
186 2353 338 2392 baptizeris,
358 2354 414 2383 sive
433 2355 459 2383 in
474 2356 545 2392 navi,
566 2357 622 2386 sive
637 2358 664 2387 in
680 2360 782 2390 itinere.
835 2362 953 2399 leonum,
962 2363 1047 2392 oratio
1056 2363 1214 2392 seditionem
1223 2367 1488 2404 compescuit‚oratio
1497 2380 1575 2408 para-

51 2398 191 2439 Philippus
210 2400 356 2440 baptizavit
376 2401 402 2430 in
418 2401 473 2436 via,
491 2403 591 2433 Paulus
606 2406 632 2433 in
653 2407 781 2445 vinculis,
835 2410 924 2438 disum
935 2411 1050 2450 aperuit,
1066 2411 1150 2440 oratio
1162 2412 1219 2440 caeli
1231 2413 1354 2442 cardines
1367 2417 1503 2453 reseravit,
1517 2428 1575 2445 ora-

82 2498 92 2509 ·
100 2491 162 2515 Cum
174 2490 211 2516 his
221 2492 305 2517 confer
314 2501 368 2525 quae
375 2492 506 2526 Chrysost.
516 2495 578 2520 dicit
589 2505 662 2528 supra
671 2499 752 2524 Tomo
761 2501 797 2526 ΙΙ,
826 2509 850 2525 re
863 2501 919 2526 vide
931 2508 1064 2534 utrumque
1077 2503 1164 2535 cangii
1175 2503 1329 2528 Glossarium
1343 2505 1366 2530 in
1382 2515 1443 2531 voce
1461 2506 1540 2531 Sacra
1552 2515 1576 2533 οι

49 2538 74 2561 p.
85 2531 142 2559 458,
154 2531 186 2561 D,
198 2531 228 2557 E.
824 2546 898 2575 Σάιμ
917 2543 963 2565 Hic
976 2549 1057 2576 regem
1070 2542 1178 2576 intellige
1189 2545 1378 2576 Imperatorem.

84 2570 96 2588 b
106 2568 195 2595 Sarra.
207 2570 248 2594 Sic
264 2570 401 2595 vocabatur
417 2573 543 2604 imperiale
561 2573 672 2607 diploma
684 2587 688 2602 ;
706 2585 754 2609 qua
767 2577 798 2602 de

1408 2618 1425 2643 ἱιί

1430 2620 1446 2644 ΙΨ
