1737 2804
123 142 155 164 Vl
801 138 985 162 PRAEFATtO.

154 204 276 237 Quatuor
288 202 351 231 item
362 201 486 230 Homitiae
496 212 554 240 ‹111ae
567 201 601 230 de
611 201 761 230 Mutatione
770 201 908 229 nominum
921 200 1056 238 inscriptae
1068 205 1140 235 sunt,
1157 207 1273 238 quatuor
1288 201 1343 233 illis
1358 202 1385 230 in
1401 201 1566 240 principium
1580 203 1657 230 Aeto.

117 260 176 277 rum
190 248 280 277 nativo
295 249 387 277 ordine
401 255 607 277 connectuntur:
618 247 643 275 in
654 247 696 275 his
712 247 810 286 quippe
822 245 962 285 postremis
977 252 1167 282 argumentum
1179 247 1299 285 priorum
1314 247 1483 286 prosequitur
1496 247 1661 286 Chrytosto-

118 306 187 330 mus,
203 294 269 323 utin
285 295 387 323 Monito
399 293 527 322 diximus.
540 294 645 321 Caetcrae
662 293 785 320 {tonnae
796 292 822 319 in
833 292 890 319 loca
902 291 979 318 Pauli
994 297 1065 326 suut,
1077 301 1107 319 ae
1118 302 1179 320 cum
1192 293 1414 330 prawedenssbus,
1424 293 1534 331 triginta
1544 300 1659 330 quatuor

118 341 199 369 simut
215 340 387 368 homiliarum
403 350 544 367 numerum
561 338 702 377 complent.
719 338 787 365 Tres
802 348 881 376 porro
896 337 1027 364 Hoinilias
1041 336 1074 364 de
1098 337 1215 375 Legibus
1235 339 1372 375 connubii,
1387 350 1501 377 quarum
1517 339 1604 377 prima
1620 345 1658 366 est

120 397 193 415 num.
212 386 260 421 48,
276 386 303 414 in
322 385 763 423 illud:Propter-somnamiones
778 382 935 418 etc.;attera
952 392 1027 409 num.
1047 383 1095 419 w,
1112 382 1144 410 de
1158 383 1261 411 Libello
1276 384 1382 423 repudii
1393 396 1401 421 ς
1420 384 1496 412 tertia
1516 394 1590 412 num.
1608 386 1656 412 30,

121 434 198 461 Laus
211 433 347 466 Maximi,
362 438 389 459 et
405 431 505 469 quales
518 430 657 461 (lucendae
672 439 794 461 utores,-
811 429 869 463 has,
884 429 1002 465 inquam,
1015 428 1155 464 llomiliasy
1170 440 1227 466 quie
1242 430 1321 458 unius
1335 437 1360 458 et
1371 429 1490 469 ejusdem
1505 431 1659 467 argumenti

121 485 182 507 sunt
199 484 224 505 et
242 476 333 505 eodem
346 484 463 515 tempore
476 487 526 504 una
539 476 604 503 serie
615 475 722 509 habitae,
734 481 762 502 ut
776 474 923 512 legentibus
938 473 1073 511 liquidum
1087 481 1135 507 est,
1144 474 1180 502 ita
1194 475 1292 503 Fronto
1304 476 1418 504 Dueaeus
1429 475 1557 509 ediderat,
1568 481 1597 502 ut
1608 481 1656 502 ter-

122 525 157 552 tia
171 535 186 551 a
200 523 305 551 duabus
317 523 451 561 prioribus
466 522 544 560 longo
561 521 701 549 intervallo
717 526 896 559 separaretur;
910 518 954 546 sed
971 529 1006 546 eae
1021 530 1069 547 suo
1083 519 1176 548 ordine
1186 520 1243 559 jam
1259 520 1349 548 locatae
1364 532 1424 549 suas
1444 528 1531 559 partes
1547 520 1658 559 implere

121 581 151 598 ae
165 569 244 597 semel
259 575 372 607 coeptam
386 568 523 596 materiam
534 567 569 595 ad
583 567 744 595 destinatum
760 566 839 594 sinen]
851 564 995 593 deductam
1011 565 1103 594 lectori
1119 566 1281 605 conjunctim
1297 567 1391 595 offerre.
1406 573 1537 605 poterunt.

854 676 872 713 §
896 677 931 706 tt.

159 773 305 812 Opuseula
317 773 352 802 de
363 773 485 801 motibus
499 770 844 809 Constatzti110p(›litam'5‚
861 775 888 797 et
899 769 934 798 (le
947 777 1067 809 utroque
1078 771 1278 807 Clzrysoslomi
1291 772 1404 805 amilio,
1418 782 1552 809 {surenam
1563 773 1628 800 sint.

162 878 225 906 Haec
239 877 338 916 exeipit
358 883 452 914 quarta
471 875 562 904 classis
586 875 796 914 opusculorum,
813 886 907 915 nempe
921 876 954 905 de
969 876 1086 905 motibus
1101 877 1414 916 Constantinopolimnis.
1435 888 1535 905 necnon
1550 877 1584 906 de
1599 877 1659 906 aliis

121 934 179 963 quse
195 924 230 953 ad
242 930 384 961 utrumque
395 921 578 961 Cluysostomi
591 921 717 949 exsilium
730 922 869 960 pertinent.
886 922 949 950 Ha=e
963 922 1050 950 omnia
1065 922 1211 950 secundum
1227 923 1352 962 temporis
1371 923 1465 951 seriem
1483 923 1559 951 edere
1570 923 1659 952 visum

122 977 171 1007 est,
184 980 243 998 cum
256 976 331 997 antea
346 975 464 1007 separata
478 974 502 996 et
518 967 692 995 tumultuario
706 978 785 1006 opere
799 967 914 997 diversis
937 968 965 996 in
982 967 1060 996 tomis
1082 968 1167 995 locata
1184 975 1283 1003 essent⁷
1299 968 1379 1006 idque
1393 980 1454 997 casu
1470 968 1559 1007 potius
1578 979 1658 1007 quam

121 1015 242 1044 consilio.
252 1013 295 1042 Ex
309 1014 341 1042 iis
352 1024 404 1042 non
419 1024 502 1052 pauca
514 1013 541 1041 in
553 1012 679 1041 Editione
693 1014 834 1041 Frontonis
845 1014 937 1041 Ducaei
949 1013 1178 1042 desiderabantur.
1191 1014 1317 1052 Spectant
1332 1020 1421 1043 autem
1432 1015 1521 1042 omnia
1531 1014 1564 1042 ad
1574 1014 1658 1042 histo-

123 1062 190 1089 riam
201 1061 235 1088 ab
249 1071 317 1088 anno
330 1061 388 1088 599
403 1059 437 1087 ad
451 1070 550 1087 annum
565 1060 633 1088 406.
644 1059 718 1088 Ordo
730 1059 777 1087 ille
789 1059 989 1098 Opusculoruin
1002 1059 1121 1087 ordinem
1134 1070 1222 1087 rerum
1234 1059 1355 1098 apprime
1364 1060 1502 1097 sequitur3
1517 1060 1659 1098 omniaque

121 1107 167 1135 illa
180 1107 318 1146 Opuscula
331 1105 365 1134 ad
384 1116 515 1134 :erumnas
535 1113 560 1134 et
577 1112 722 1143 utrumque
738 1105 925 1145 Cltrysostomi
941 1105 1068 1133 exsilium
1086 1104 1283 1142 quodammodo
1299 1105 1465 1132 referuntur:
1479 1115 1540 1133 nam
1551 1116 1585 1133 ex
1597 1105 1658 1133 Eu·—

121 1153 203 1192 tropii
226 1152 339 1181 cunuchi
355 1153 416 1189 suga
436 1152 463 1179 in
478 1151 614 1179 eeclesiam
632 1151 816 1190 Chrysestomi
838 1151 924 1178 hostes
947 1150 1091 1179 accusandi
1112 1150 1184 1177 illius
1203 1160 1294 1178 ansam
1311 1150 1455 1189 arripuere.
1470 1150 1524 1179 Sed
1539 1157 1568 1179 ut
1581 1152 1657 1190 Opu-

120 1199 256 1227 scnlorum
276 1197 430 1237 hujusmodi
445 1197 565 1225 ordinem
583 1196 714 1224 candidus
734 1196 817 1225 lector
838 1196 942 1224 facilius
958 1196 1093 1235 percipere
1105 1195 1200 1232 valeat,
1216 1195 1357 1223 historiam
1368 1206 1458 1224 rerum
1473 1196 1657 1225 Constantino-

121 1245 310 1283 polssanarum,
328 1244 360 1272 de
376 1244 474 1281 quibus
490 1244 590 1281 agitur,
608 1243 700 1282 paucis
712 1242 831 1281 persequi
845 1241 1057 1281 operaepretium
1073 1240 1160 1269 suerit.

162 1290 310 1329 Eutropius
318 1289 467 1317 Eunuchus
480 1289 548 1317 inter
562 1289 691 1327 primores
705 1289 773 1316 aula*
787 1288 1084 1326 Constantinopolimnaz
1098 1286 1170 1325 apud
1183 1286 1328 1314 Arcadium
1340 1287 1496 1315 auctoritate
1510 1287 1658 1327 plurimum

121 1336 235 1364 valebat.
246 1337 273 1363 Is
286 1346 345 1363 cum
357 1334 467 1363 Joanuis
482 1334 666 1372 Clirysostomi
682 1333 708 1361 in
725 1332 1049 1371 Constantinopolitanum
1065 1332 1219 1371 episcopum
1235 1331 1376 1370 cooptandi
1391 1340 1484 1361 auctor
1492 1334 1594 1367 fuisset,
1604 1335 1658 1363 ini-

122 1382 159 1410 tio
178 1382 233 1420 ejus
250 1380 357 1409 monitis
372 1390 473 1407 morem
488 1380 604 1416 gerebat.
622 1378 673 1406 Sed
695 1389 755 1406 cum
771 1378 925 1410 ambitionis
935 1385 959 1406 ct
974 1379 1097 1416 cogendae
1113 1378 1230 1417 pecunia}
1253 1378 1346 1406 morbo
1361 1377 1507 1407 admodum
1524 1379 1657 1408 laboraret

122 1427 281 1465 Eutropius,
295 1425 421 1461 instabat,
437 1424 548 1462 urgebat
563 1424 781 1463 Chrysostomns,
794 1424 920 1462 fugitivas
935 1424 1045 1452 ‹tivitias
1055 1423 1175 1461 dicebat3
1193 1434 1240 1451 nee
1254 1423 1334 1451 modo
1349 1423 1487 1461 fugitivas,
1504 1425 1550 1454 sed
1562 1426 1658 1455 exitio-

121 1483 173 1504 sas.
188 1483 246 1510 quae
260 1472 301 1500 sui
314 1470 435 1499 custodes
451 1477 479 1498 ut
492 1470 640 1509 plurimum
653 1470 795 1509 proderent
809 1481 839 1498 ac
851 1469 998 1509 perderent.
1013 1469 1076 1497 llaec
1099 1469 1144 1497 ille
1164 1469 1207 1497 vir
1229 1468 1360 1497 adulandi
1383 1470 1486 1498 nescius
1506 1471 1658 1509 frequenter

122 1518 274 1547 dictitabat:
284 1517 328 1545 sed
342 1516 403 1554 quia
417 1516 514 1544 veritas
529 1516 620 1543 odium
634 1515 714 1554 parit,
732 1516 758 1543 in
774 1515 931 1544 monitorem
942 1521 1114 1553 exasperatus
1130 1514 1286 1553 Eutropius,
1301 1515 1386 1542 multa
1402 1522 1493 1543 eontra
1507 1516 1583 1544 illum
1598 1528 1656 1545 mo-.

121 1565 185 1593 litus
199 1571 252 1601 est3
274 1562 301 1591 id
321 1573 384 1590 vero
408 1562 541 1601 praecipue
564 1561 644 1589 statui
667 1561 781 1597 curavit,
799 1568 828 1589 ut
851 1561 919 1600 asyli
941 1567 965 1588 et
978 1561 1206 1599 inuuunitatisjus
1219 1560 1335 1588 eeclesiis
1349 1560 1495 1590 tolleretur.
1507 1563 1658 1591 Verumita

123 1610 278 1650 providente
292 1608 409 1644 numine,
423 1607 571 1646 Eutropius
588 1618 649 1635 cuin
661 1607 835 1635 Consulatum
848 1607 911 1635 antii
928 1605 1254 1644 undequadringcntesimi
1267 1605 1375 1634 Arcadii
1388 1613 1455 1634 nutu
1471 1615 1659 1646 consequutus,

122 1657 242 1685 onmium
264 1655 291 1683 in
311 1666 337 1683 se
351 1654 446 1682 odium
463 1654 630 1686 concitasset,
644 1654 824 1682 tumultuante
839 1652 993 1690 Tribigildo
1015 1652 1122 1680 tribuno
1144 1651 1276 1680 militibus
1299 1651 1411 1690 stipato,
1434 1652 1518 1690 gradu
1537 1653 1657 1692 dejectus

121 1709 168 1738 est,
183 1710 209 1730 et
222 1701 295 1739 qnod
308 1700 347 1728 itti
363 1699 473 1728 unicum
484 1699 636 1738 perfugium
651 1706 796 1738 supererat,
810 1699 836 1727 in
850 1698 984 1727 eeclesiam
1000 1708 1026 1726 sc
1041 1697 1150 1736 recepit,
1167 1704 1245 1734 atque
1259 1697 1365 1736 asylum
1378 1697 1452 1734 qnod
1462 1697 1506 1726 ille
1521 1698 1656 1737 abrogan-

121 1748 187 1777 dum
209 1753 356 1782 curaverat,
373 1746 488 1785 supplex
512 1745 589 1773 adire
604 1751 710 1773 coaetus
725 1751 771 1773 est.
789 1746 843 1773 Nec
857 1744 1000 1783 profuisset
1023 1743 1140 1782 asylum,
1156 1743 1208 1771 nisi
1225 1743 1433 1782 Glirysostonms
1454 1743 1559 1772 sortiter
1572 1745 1657 1774 obsti-

121 1794 193 1823 tisset
208 1793 391 1822 obsidentibus
407 1791 533 1820 invadere
549 1791 825 1830 pa1·atis,Insequente
835 1801 898 1820 vero
913 1790 956 1818 dic
967 1789 1081 1828 primam
1096 1789 1122 1817 in
1138 1788 1301 1828 Eutropium
1314 1789 1454 1817 homiliam
1469 1789 1564 1819 hahuit
1573 1792 1600 1820 S.
1609 1801 1658 1820 an-

121 1840 202 1877 tistes,
217 1840 274 1879 ipso
290 1844 415 1878 praesente
437 1837 578 1876 Eutropio,
590 1847 658 1866 anno
677 1838 745 1866 590.
759 1837 865 1876 Elapsis
887 1836 990 1873 aliquot
1012 1841 1071 1874 post
1087 1834 1161 1862 illam
1176 1834 1297 1862 habitam
1312 1835 1465 1863 concionem
1477 1835 1581 1869 diebus,
1596 1847 1657 1865 cum

122 1885 266 1924 Eutropius
279 1884 312 1912 ab
326 1884 433 1912 ccclesia
454 1883 574 1922 dilapsus
599 1883 624 1910 in
650 1893 746 1911 manus
768 1883 885 1911 hostium
902 1881 1047 1917 incidisset,
1064 1880 1174 1908 alteram
1201 1879 1296 1908 habuit
1320 1880 1347 1908 in
1367 1880 1493 1909 eumdem
1513 1881 1654 1911 homiliam

121 1933 148 1960 5.
163 1931 269 1967 doctor;
282 1930 314 1958 de
335 1941 387 1967 qua
405 1928 521 1967 plurima
538 1929 564 1956 in
586 1928 690 1956 Monito
708 1928 770 1956 vide
785 1928 829 1956 sis.
850 1928 918 1957 Hine
938 1937 1002 1955 vero
1016 1936 1108 1954 ansam
1133 1925 1271 1954 incusandi
1287 1925 1472 1964 Chrysostomi
1487 1927 1624 1966 arripuere
1637 1928 1656 1956 ii

122 1977 168 2013 qui
185 1977 242 2014 ejus
262 1975 408 2015 perniciem
431 1973 802 2012 moliebantur:Eutropium
818 1973 946 2001 miserum
961 1980 985 2000 et
1001 1972 1027 2000 in
1042 1971 1178 2000 ecelesiam
1200 1971 1345 2010 profugum
1359 1971 1393 1999 ab
1409 1971 1455 1999 illo
1470 1972 1654 2010 objurgatum,

122 2031 152 2049 ac
164 2021 278 2058 denique
292 2021 412 2049 hostibus
426 2020 562 2058 proditum
575 2019 744 2057 mentientes3
763 2019 833 2057 quod
850 2025 979 2057 quantum
994 2029 1008 2046 a
1023 2028 1086 2046 vero
1108 2017 1224 2045 alienum
1237 2016 1317 2044 suerit
1327 2039 1334 2052 ,
1350 2016 1376 2044 in
1390 2017 1453 2046 Vita
1467 2017 1653 2056 Chrysostomi

124 2066 248 2105 pluribus
260 2066 420 2095 ostendetur.

165 2112 277 2149 Gainas,
291 2123 343 2150 quo
355 2111 508 2139 stimulante
524 2111 697 2148 Tribigildus
709 2112 834 2140 tribunus
849 2111 975 2150 Eutropii
989 2110 1133 2150 perniciem
1148 2116 1296 2147 curaverat,
1307 2109 1358 2137 hoe
1374 2119 1464 2137 rerum
1475 2116 1570 2139 eventu
1580 2117 1657 2149 petu-

124 2159 220 2188 lantior
230 2159 324 2193 sactus,
339 2157 475 2186 Saturnini
486 2164 510 2184 et
525 2156 673 2192 Aureliani,
684 2158 731 2195 qni
751 2158 819 2186 inter
834 2158 942 2197 Imperii
958 2167 1077 2196 proceres
1089 2155 1252 2193 eminebant,
1265 2156 1353 2194 capita
1369 2155 1532 2194 depoposcit.
1552 2157 1656 2185 Verum

124 2205 233 2233 illorum
247 2214 354 2231 causam
362 2202 464 2230 fortiter
477 2208 567 2239 agente
582 2202 782 2240 Chrysostomo,
791 2203 854 2231 satis
870 2203 965 2232 habuit
976 2202 1116 2237 Gainas‚si
1127 2201 1166 2229 illi
1175 2201 1329 2240 proceresin
1344 2201 1469 2229 exsilium
1479 2200 1652 2240 deportaren-

125 2257 168 2278 tur
181 2260 245 2288 :qua
260 2249 293 2277 de
308 2259 336 2276 re
348 2248 499 2276 concionem
513 2247 587 2275 illam
602 2246 697 2275 hahuit
712 2248 929 2286 Chrysostomus,
941 2259 1000 2286 quae
1013 2248 1121 2276 titulum
1135 2247 1230 2275 habet:
1243 2248 1315 2275 Cum
1326 2247 1509 2275 Saturninus
1522 2253 1549 2275 et
1559 2248 1658 2276 Aure-

126 2297 223 2324 lianus
238 2296 296 2323 acci
308 2300 399 2322 essent
417 2295 448 2320 ιίι
459 2293 604 2326 exsilium,
621 2299 648 2320 ec
662 2293 776 2321 Gainas
790 2304 919 2332 egressus
930 2300 1001 2322 esset
1012 2305 1027 2321 e
1037 2296 1164 2322 civitate.
1179 2294 1218 2320 An
1229 2302 1292 2321 vero
1304 2302 1424 2329 egressus
1436 2292 1492 2330 jam
1504 2302 1537 2319 ex
1549 2292 1657 2321 civitate

126 2348 193 2370 esset
206 2340 317 2373 Gainas‚
332 2349 393 2367 cum
417 2338 485 2366 hanc
507 2338 601 2365 hahuit
622 2338 775 2366 concionem
797 2339 1019 2377 Chrysostomus‚
1034 2349 1084 2366 non
1100 2338 1135 2366 ita
1152 2337 1321 2376 exploratum
1343 2343 1392 2373 est,
1404 2343 1428 2364 et
1443 2347 1476 2364 an
1497 2337 1576 2365 titulo
1592 2337 1659 2366 fides

128 2385 248 2414 habenda
263 2385 295 2413 sit
309 2384 433 2423 pluribus
446 2383 628 2422 expendemus
643 2383 669 2411 in
684 2383 748 2412 Vita
764 2382 956 2421 Chrysostomi.
973 2386 1010 2413 Ut
1023 2390 1051 2412 ut
1068 2391 1156 2412 autem
1170 2389 1217 2421 cst,
1232 2382 1288 2410 hcec
1308 2381 1420 2410 homilia
1433 2382 1539 2410 ineunte
1554 2382 1659 2411 circiter

127 2442 195 2460 auno
205 2432 264 2459 400
275 2430 366 2458 habita
378 2429 458 2457 fuisse
472 2435 590 2467 putatur.

168 2476 269 2505 Eodem
286 2485 354 2503 anno
367 2474 447 2513 eoepit
469 2473 538 2502 illud
557 2473 756 2502 odiosissimum
778 2475 924 2513 negotium,
942 2474 1066 2504 videlicet
1081 2474 1214 2503 accusatio
1237 2474 1381 2508 Antonino,
1397 2473 1497 2513 Ephesi
1517 2474 1652 2514 episcopo,

128 2523 224 2556 oblata,
237 2521 282 2559 qui
292 2520 427 2548 variorum
440 2519 581 2547 criminun]
599 2519 774 2558 inprimisque
783 2521 907 2549 simonia:
922 2531 981 2549 reus
989 2521 1187 2559 agebaturQua
1197 2520 1230 2548 de
1238 2531 1317 2548 eausa
1328 2519 1515 2558 prosectionem
1525 2520 1552 2549 in
1564 2521 1652 2549 Asiam

127 2567 304 2596 meditabatur
319 2565 534 2604 Chrysostomus.
550 2566 653 2595 Verum
673 2565 800 2594 Antonini
821 2566 922 2594 artibus
945 2566 1078 2594 cohibitus
1102 2573 1139 2594 est
1157 2577 1170 2594 a
1192 2565 1352 2603 quibusdam
1374 2565 1536 2604 proceribus,
1552 2573 1652 2595 metum
