<?xml version="1.0" encoding="UTF-8"?>
<!DOCTYPE html PUBLIC "-//W3C//DTD XHTML 1.0 Transitional//EN"
    "http://www.w3.org/TR/xhtml1/DTD/xhtml1-transitional.dtd">
<html xmlns="http://www.w3.org/1999/xhtml" xml:lang="en" lang="en">
 <head>
  <title>
</title>
<meta http-equiv="Content-Type" content="text/html;charset=utf-8" />
  <meta name='ocr-system' content='tesseract 3.04.00' />
  <meta name='ocr-capabilities' content='ocr_page ocr_carea ocr_par ocr_line ocrx_word'/>
</head>
<body>
  <div class='ocr_page' id='page_1' title='image "./operaomniaquaeex03johnuoft/operaomniaquaeex03johnuoft_0866.png"; bbox 0 0 1843 2810; ppageno 0'>
   <div class='ocr_carea' id='block_1_1' title="bbox 83 358 221 389">
    <p class='ocr_par' dir='ltr' id='par_1_1' title="bbox 83 358 221 389">
     <span class='ocr_line' id='line_1_1' title="bbox 83 358 221 389; baseline 0.014 -9"><span class='ocrx_word' id='word_1_1' title='bbox 83 361 97 380; x_wconf 87' lang='grc' dir='ltr'><strong>Λ</strong></span> <span class='ocrx_word' id='word_1_2' title='bbox 104 369 146 381; x_wconf 85' lang='lat' dir='ltr'>nno</span> <span class='ocrx_word' id='word_1_3' title='bbox 162 358 221 389; x_wconf 71' lang='grc'>406.</span> 
     </span>
    </p>
   </div>
   <div class='ocr_carea' id='block_1_2' title="bbox 82 1313 210 1342">
    <p class='ocr_par' dir='ltr' id='par_1_2' title="bbox 82 1313 210 1342">
     <span class='ocr_line' id='line_1_2' title="bbox 82 1313 210 1342; baseline 0.008 -8"><span class='ocrx_word' id='word_1_4' title='bbox 82 1314 146 1334; x_wconf 75' lang='lat' dir='ltr'>Anno</span> <span class='ocrx_word' id='word_1_5' title='bbox 156 1313 210 1342; x_wconf 67' lang='lat'>406.</span> 
     </span>
    </p>
   </div>
   <div class='ocr_carea' id='block_1_3' title="bbox 85 2205 224 2236">
    <p class='ocr_par' dir='ltr' id='par_1_3' title="bbox 85 2205 224 2236">
     <span class='ocr_line' id='line_1_3' title="bbox 85 2205 224 2236; baseline 0.014 -9"><span class='ocrx_word' id='word_1_6' title='bbox 85 2207 148 2228; x_wconf 72' lang='lat' dir='ltr'>Auno</span> <span class='ocrx_word' id='word_1_7' title='bbox 172 2205 224 2236; x_wconf 66' lang='lat'>406.</span> 
     </span>
    </p>
   </div>
   <div class='ocr_carea' id='block_1_4' title="bbox 233 140 966 182">
    <p class='ocr_par' dir='ltr' id='par_1_4' title="bbox 233 140 966 182">
     <span class='ocr_line' id='line_1_4' title="bbox 233 140 966 182; baseline -0.004 -9"><span class='ocrx_word' id='word_1_8' title='bbox 233 140 301 182; x_wconf 63' lang='lat'>840</span> <span class='ocrx_word' id='word_1_9' title='bbox 561 150 588 172; x_wconf 87' lang='lat' dir='ltr'>s.</span> <span class='ocrx_word' id='word_1_10' title='bbox 617 149 755 173; x_wconf 71' lang='lat' dir='ltr'>JOANNIS</span> <span class='ocrx_word' id='word_1_11' title='bbox 783 148 966 172; x_wconf 61' lang='lat' dir='ltr'>cum-sosr.</span> 
     </span>
    </p>
   </div>
   <div class='ocr_carea' id='block_1_5' title="bbox 234 268 943 307">
    <p class='ocr_par' dir='ltr' id='par_1_5' title="bbox 234 268 943 307">
     <span class='ocr_line' id='line_1_5' title="bbox 234 268 943 307; baseline -0.007 -8"><span class='ocrx_word' id='word_1_12' title='bbox 234 271 397 299; x_wconf 84' lang='lat' dir='ltr'><em>CLXVIII.</em></span> <span class='ocrx_word' id='word_1_13' title='bbox 420 271 525 299; x_wconf 80' lang='lat' dir='ltr'>Proboe</span> <span class='ocrx_word' id='word_1_14' title='bbox 537 276 677 298; x_wconf 82' lang='lat' dir='ltr'>matronae</span> <span class='ocrx_word' id='word_1_15' title='bbox 698 270 796 298; x_wconf 82' lang='lat' dir='ltr'>Romae</span> <span class='ocrx_word' id='word_1_16' title='bbox 818 268 943 307; x_wconf 80' lang='lat' dir='ltr'>degenti.</span> 
     </span>
    </p>
   </div>
   <div class='ocr_carea' id='block_1_6' title="bbox 231 353 980 986">
    <p class='ocr_par' dir='ltr' id='par_1_6' title="bbox 231 353 980 986">
     <span class='ocr_line' id='line_1_6' title="bbox 272 353 948 395; baseline -0.004 -11"><span class='ocrx_word' id='word_1_17' title='bbox 272 355 332 385; x_wconf 88' lang='lat' dir='ltr'>Etsi</span> <span class='ocrx_word' id='word_1_18' title='bbox 357 355 437 395; x_wconf 82' lang='lat' dir='ltr'>longo</span> <span class='ocrx_word' id='word_1_19' title='bbox 457 355 558 384; x_wconf 82' lang='lat' dir='ltr'>itineris</span> <span class='ocrx_word' id='word_1_20' title='bbox 578 355 664 394; x_wconf 87' lang='lat' dir='ltr'>spatio</span> <span class='ocrx_word' id='word_1_21' title='bbox 680 354 727 382; x_wconf 84' lang='lat' dir='ltr'>ahs</span> <span class='ocrx_word' id='word_1_22' title='bbox 747 361 772 382; x_wconf 91' lang='lat' dir='ltr'>te</span> <span class='ocrx_word' id='word_1_23' title='bbox 798 353 948 392; x_wconf 83' lang='lat' dir='ltr'>disjunctus</span> 
     </span>
     <span class='ocr_line' id='line_1_7' title="bbox 232 399 947 439; baseline -0.006 -9"><span class='ocrx_word' id='word_1_24' title='bbox 232 413 301 439; x_wconf 84' lang='lat' dir='ltr'>sum,</span> <span class='ocrx_word' id='word_1_25' title='bbox 311 409 399 430; x_wconf 87' lang='lat' dir='ltr'>tamen</span> <span class='ocrx_word' id='word_1_26' title='bbox 411 401 542 430; x_wconf 82' lang='lat' dir='ltr'>sinceram</span> <span class='ocrx_word' id='word_1_27' title='bbox 553 411 583 428; x_wconf 88' lang='lat' dir='ltr'>ac</span> <span class='ocrx_word' id='word_1_28' title='bbox 594 401 739 429; x_wconf 73' lang='lat' dir='ltr'>ferventem</span> <span class='ocrx_word' id='word_1_29' title='bbox 759 406 834 428; x_wconf 79' lang='lat' dir='ltr'>tuam</span> <span class='ocrx_word' id='word_1_30' title='bbox 851 399 947 427; x_wconf 85' lang='lat' dir='ltr'>carita-</span> 
     </span>
     <span class='ocr_line' id='line_1_8' title="bbox 232 445 946 484; baseline -0.004 -8"><span class='ocrx_word' id='word_1_31' title='bbox 232 454 294 484; x_wconf 85' lang='lat' dir='ltr'>tem,</span> <span class='ocrx_word' id='word_1_32' title='bbox 308 458 360 476; x_wconf 92' lang='lat' dir='ltr'>non</span> <span class='ocrx_word' id='word_1_33' title='bbox 368 457 442 475; x_wconf 84' lang='lat' dir='ltr'>secus</span> <span class='ocrx_word' id='word_1_34' title='bbox 456 457 487 475; x_wconf 90' lang='lat' dir='ltr'>ac</span> <span class='ocrx_word' id='word_1_35' title='bbox 501 447 522 474; x_wconf 88' lang='lat' dir='ltr'>si</span> <span class='ocrx_word' id='word_1_36' title='bbox 533 456 622 474; x_wconf 86' lang='lat' dir='ltr'>coram</span> <span class='ocrx_word' id='word_1_37' title='bbox 629 456 724 483; x_wconf 79' lang='lat' dir='ltr'>essem,</span> <span class='ocrx_word' id='word_1_38' title='bbox 742 452 841 483; x_wconf 87' lang='lat' dir='ltr'>tuaque</span> <span class='ocrx_word' id='word_1_39' title='bbox 856 445 946 473; x_wconf 89' lang='lat' dir='ltr'>omnia</span> 
     </span>
     <span class='ocr_line' id='line_1_9' title="bbox 232 491 946 531; baseline -0.006 -9"><span class='ocrx_word' id='word_1_40' title='bbox 232 504 375 528; x_wconf 77' lang='lat' dir='ltr'><strong>cernerem,</strong></span> <span class='ocrx_word' id='word_1_41' title='bbox 391 499 462 520; x_wconf 83' lang='lat' dir='ltr'>certo</span> <span class='ocrx_word' id='word_1_42' title='bbox 473 498 598 531; x_wconf 74' lang='lat' dir='ltr'>expertus</span> <span class='ocrx_word' id='word_1_43' title='bbox 621 501 691 529; x_wconf 75' lang='lat' dir='ltr'>sum,</span> <span class='ocrx_word' id='word_1_44' title='bbox 705 491 738 519; x_wconf 88' lang='lat' dir='ltr'>iis</span> <span class='ocrx_word' id='word_1_45' title='bbox 745 491 886 528; x_wconf 78' lang='lat' dir='ltr'>nimirum,</span> <span class='ocrx_word' id='word_1_46' title='bbox 900 491 946 529; x_wconf 91' lang='lat' dir='ltr'>qui</span> 
     </span>
     <span class='ocr_line' id='line_1_10' title="bbox 232 536 980 575; baseline -0.004 -8"><span class='ocrx_word' id='word_1_47' title='bbox 232 539 311 567; x_wconf 87' lang='lat' dir='ltr'>istinc</span> <span class='ocrx_word' id='word_1_48' title='bbox 329 538 363 566; x_wconf 88' lang='lat' dir='ltr'>ad</span> <span class='ocrx_word' id='word_1_49' title='bbox 382 548 427 565; x_wconf 90' lang='lat' dir='ltr'>nos</span> <span class='ocrx_word' id='word_1_50' title='bbox 435 537 557 574; x_wconf 71' lang='lat' dir='ltr'>veniunt,</span> <span class='ocrx_word' id='word_1_51' title='bbox 571 547 601 565; x_wconf 78' lang='lat' dir='ltr'>ea</span> <span class='ocrx_word' id='word_1_52' title='bbox 614 536 683 566; x_wconf 84' lang='lat' dir='ltr'>dete</span> <span class='ocrx_word' id='word_1_53' title='bbox 698 536 945 575; x_wconf 82' lang='lat' dir='ltr'>afferentibus‚quae</span> <span class='ocrx_word' id='word_1_54' title='bbox 963 544 980 567; x_wconf 85' lang='lat' dir='ltr'>E</span> 
     </span>
     <span class='ocr_line' id='line_1_11' title="bbox 231 581 946 622; baseline -0.006 -9"><span class='ocrx_word' id='word_1_55' title='bbox 231 584 326 613; x_wconf 82' lang='lat' dir='ltr'>audire</span> <span class='ocrx_word' id='word_1_56' title='bbox 346 583 495 622; x_wconf 86' lang='lat' dir='ltr'>cupiebam.</span> <span class='ocrx_word' id='word_1_57' title='bbox 507 582 599 620; x_wconf 88' lang='lat' dir='ltr'>anue</span> <span class='ocrx_word' id='word_1_58' title='bbox 613 581 647 611; x_wconf 87' lang='lat' dir='ltr'>de</span> <span class='ocrx_word' id='word_1_59' title='bbox 662 593 739 610; x_wconf 85' lang='lat' dir='ltr'>causa</span> <span class='ocrx_word' id='word_1_60' title='bbox 753 582 852 610; x_wconf 81' lang='lat' dir='ltr'>multas</span> <span class='ocrx_word' id='word_1_61' title='bbox 867 589 946 620; x_wconf 78' lang='lat' dir='ltr'>atque</span> 
     </span>
     <span class='ocr_line' id='line_1_12' title="bbox 232 627 946 668; baseline -0.006 -10"><span class='ocrx_word' id='word_1_62' title='bbox 232 630 350 668; x_wconf 82' lang='lat' dir='ltr'>ingentes</span> <span class='ocrx_word' id='word_1_63' title='bbox 358 628 407 656; x_wconf 87' lang='lat' dir='ltr'>tibi</span> <span class='ocrx_word' id='word_1_64' title='bbox 423 628 520 667; x_wconf 78' lang='lat' dir='ltr'>gratias</span> <span class='ocrx_word' id='word_1_65' title='bbox 529 628 626 665; x_wconf 83' lang='lat' dir='ltr'>habeo,</span> <span class='ocrx_word' id='word_1_66' title='bbox 635 635 715 666; x_wconf 85' lang='lat' dir='ltr'>atque</span> <span class='ocrx_word' id='word_1_67' title='bbox 727 628 762 656; x_wconf 88' lang='lat' dir='ltr'>ob</span> <span class='ocrx_word' id='word_1_68' title='bbox 772 627 854 656; x_wconf 86' lang='lat' dir='ltr'>istum</span> <span class='ocrx_word' id='word_1_69' title='bbox 868 634 946 655; x_wconf 88' lang='lat' dir='ltr'>tuum</span> 
     </span>
     <span class='ocr_line' id='line_1_13' title="bbox 231 672 946 713; baseline -0.004 -10"><span class='ocrx_word' id='word_1_70' title='bbox 231 676 351 703; x_wconf 83' lang='lat' dir='ltr'>animum</span> <span class='ocrx_word' id='word_1_71' title='bbox 377 674 486 713; x_wconf 81' lang='lat' dir='ltr'>glorior,</span> <span class='ocrx_word' id='word_1_72' title='bbox 501 684 595 711; x_wconf 89' lang='lat' dir='ltr'>meque</span> <span class='ocrx_word' id='word_1_73' title='bbox 608 673 688 702; x_wconf 78' lang='lat' dir='ltr'>effero</span> <span class='ocrx_word' id='word_1_74' title='bbox 703 685 709 701; x_wconf 75' lang='lat' dir='ltr'><em>z</em></span> <span class='ocrx_word' id='word_1_75' title='bbox 728 673 852 711; x_wconf 85' lang='lat' dir='ltr'>virosque</span> <span class='ocrx_word' id='word_1_76' title='bbox 879 672 946 700; x_wconf 89' lang='lat' dir='ltr'>mihi</span> 
     </span>
     <span class='ocr_line' id='line_1_14' title="bbox 231 718 946 758; baseline -0.003 -10"><span class='ocrx_word' id='word_1_77' title='bbox 231 720 391 757; x_wconf 78' lang='lat' dir='ltr'>carissimos,</span> <span class='ocrx_word' id='word_1_78' title='bbox 403 719 636 758; x_wconf 79' lang='lat' dir='ltr'>religiosissimum</span> <span class='ocrx_word' id='word_1_79' title='bbox 657 718 846 758; x_wconf 81' lang='lat' dir='ltr'>presbyterum</span> <span class='ocrx_word' id='word_1_80' title='bbox 865 719 946 748; x_wconf 88' lang='lat' dir='ltr'>Joan-</span> 
     </span>
     <span class='ocr_line' id='line_1_15' title="bbox 231 764 946 803; baseline -0.003 -9"><span class='ocrx_word' id='word_1_81' title='bbox 231 776 302 803; x_wconf 86' lang='lat' dir='ltr'>nem,</span> <span class='ocrx_word' id='word_1_82' title='bbox 318 772 343 794; x_wconf 83' lang='lat' dir='ltr'>et</span> <span class='ocrx_word' id='word_1_83' title='bbox 366 765 566 794; x_wconf 88' lang='lat' dir='ltr'>ornatissimum</span> <span class='ocrx_word' id='word_1_84' title='bbox 585 764 729 793; x_wconf 82' lang='lat' dir='ltr'>diaconum</span> <span class='ocrx_word' id='word_1_85' title='bbox 751 764 866 792; x_wconf 82' lang='lat' dir='ltr'>Paulum</span> <span class='ocrx_word' id='word_1_86' title='bbox 896 764 946 793; x_wconf 89' lang='lat' dir='ltr'>tihi</span> 
     </span>
     <span class='ocr_line' id='line_1_16' title="bbox 232 809 947 849; baseline -0.004 -9"><span class='ocrx_word' id='word_1_87' title='bbox 232 811 396 845; x_wconf 86' lang='lat' dir='ltr'>commendo,</span> <span class='ocrx_word' id='word_1_88' title='bbox 421 817 500 849; x_wconf 87' lang='lat' dir='ltr'>atque</span> <span class='ocrx_word' id='word_1_89' title='bbox 509 810 544 838; x_wconf 84' lang='lat' dir='ltr'>ad</span> <span class='ocrx_word' id='word_1_90' title='bbox 564 817 623 838; x_wconf 85' lang='lat' dir='ltr'>tuas</span> <span class='ocrx_word' id='word_1_91' title='bbox 640 820 734 838; x_wconf 85' lang='lat' dir='ltr'>manus</span> <span class='ocrx_word' id='word_1_92' title='bbox 749 809 866 838; x_wconf 73' lang='lat' dir='ltr'>velutad</span> <span class='ocrx_word' id='word_1_93' title='bbox 885 820 947 849; x_wconf 86' lang='lat' dir='ltr'>por-</span> 
     </span>
     <span class='ocr_line' id='line_1_17' title="bbox 232 855 947 895; baseline -0.001 -10"><span class='ocrx_word' id='word_1_94' title='bbox 232 864 289 886; x_wconf 81' lang='lat' dir='ltr'>tum</span> <span class='ocrx_word' id='word_1_95' title='bbox 313 857 473 885; x_wconf 75' lang='lat' dir='ltr'>transmitto.</span> <span class='ocrx_word' id='word_1_96' title='bbox 497 856 553 884; x_wconf 81' lang='lat' dir='ltr'>Abs</span> <span class='ocrx_word' id='word_1_97' title='bbox 567 863 593 884; x_wconf 88' lang='lat' dir='ltr'>te</span> <span class='ocrx_word' id='word_1_98' title='bbox 607 856 699 894; x_wconf 80' lang='lat' dir='ltr'>igitur,</span> <span class='ocrx_word' id='word_1_99' title='bbox 723 855 880 895; x_wconf 79' lang='lat' dir='ltr'>cumprimis</span> <span class='ocrx_word' id='word_1_100' title='bbox 899 866 947 884; x_wconf 80' lang='lat' dir='ltr'>ve-</span> 
     </span>
     <span class='ocr_line' id='line_1_18' title="bbox 232 901 947 940; baseline -0.003 -8"><span class='ocrx_word' id='word_1_101' title='bbox 232 903 349 932; x_wconf 85' lang='lat' dir='ltr'>neranda</span> <span class='ocrx_word' id='word_1_102' title='bbox 375 910 399 931; x_wconf 90' lang='lat' dir='ltr'>et</span> <span class='ocrx_word' id='word_1_103' title='bbox 421 902 587 931; x_wconf 80' lang='lat' dir='ltr'>nobilissima</span> <span class='ocrx_word' id='word_1_104' title='bbox 607 901 717 930; x_wconf 79' lang='lat' dir='ltr'>domina</span> <span class='ocrx_word' id='word_1_105' title='bbox 737 912 806 936; x_wconf 79' lang='lat' dir='ltr'>mea,</span> <span class='ocrx_word' id='word_1_106' title='bbox 829 908 899 940; x_wconf 81' lang='lat' dir='ltr'>peto,</span> <span class='ocrx_word' id='word_1_107' title='bbox 918 908 947 930; x_wconf 88' lang='lat' dir='ltr'>ut</span> 
     </span>
     <span class='ocr_line' id='line_1_19' title="bbox 232 946 947 986; baseline -0.004 -9"><span class='ocrx_word' id='word_1_108' title='bbox 232 948 459 986; x_wconf 79' lang='lat' dir='ltr'>quemadmodum</span> <span class='ocrx_word' id='word_1_109' title='bbox 483 947 677 976; x_wconf 80' lang='lat' dir='ltr'>humanitatem</span> <span class='ocrx_word' id='word_1_110' title='bbox 694 953 768 975; x_wconf 83' lang='lat' dir='ltr'>tuam</span> <span class='ocrx_word' id='word_1_111' title='bbox 781 946 865 982; x_wconf 83' lang='lat' dir='ltr'>decet,</span> <span class='ocrx_word' id='word_1_112' title='bbox 876 946 947 986; x_wconf 87' lang='lat' dir='ltr'>ipsos</span> 
     </span>
    </p>
   </div>
   <div class='ocr_carea' id='block_1_7' title="bbox 231 992 991 1037">
    <p class='ocr_par' dir='ltr' id='par_1_7' title="bbox 231 992 991 1037">
     <span class='ocr_line' id='line_1_20' title="bbox 231 992 991 1037; baseline -0.004 -14"><span class='ocrx_word' id='word_1_113' title='bbox 231 994 333 1023; x_wconf 82' lang='lat' dir='ltr'>videas.</span> <span class='ocrx_word' id='word_1_114' title='bbox 356 994 414 1023; x_wconf 89' lang='lat' dir='ltr'>Scis</span> <span class='ocrx_word' id='word_1_115' title='bbox 440 993 511 1022; x_wconf 80' lang='lat' dir='ltr'>enim</span> <span class='ocrx_word' id='word_1_116' title='bbox 531 999 657 1031; x_wconf 87' lang='lat' dir='ltr'>quantam</span> <span class='ocrx_word' id='word_1_117' title='bbox 681 992 792 1031; x_wconf 83' lang='lat' dir='ltr'>hujusce</span> <span class='ocrx_word' id='word_1_118' title='bbox 815 992 991 1037; x_wconf 68' lang='lat' dir='ltr'>comitatis697</span> 
     </span>
    </p>
   </div>
   <div class='ocr_carea' id='block_1_8' title="bbox 231 1037 982 1167">
    <p class='ocr_par' dir='ltr' id='par_1_8' title="bbox 231 1037 982 1167">
     <span class='ocr_line' id='line_1_21' title="bbox 232 1037 982 1076; baseline 0 -8"><span class='ocrx_word' id='word_1_119' title='bbox 232 1039 382 1068; x_wconf 77' lang='lat' dir='ltr'>mercedem</span> <span class='ocrx_word' id='word_1_120' title='bbox 398 1039 513 1068; x_wconf 85' lang='lat' dir='ltr'>relatura</span> <span class='ocrx_word' id='word_1_121' title='bbox 529 1039 576 1067; x_wconf 90' lang='lat' dir='ltr'>sis.</span> <span class='ocrx_word' id='word_1_122' title='bbox 593 1040 632 1066; x_wconf 81' lang='lat' dir='ltr'>Ac</span> <span class='ocrx_word' id='word_1_123' title='bbox 656 1048 737 1076; x_wconf 84' lang='lat' dir='ltr'>quam</span> <span class='ocrx_word' id='word_1_124' title='bbox 752 1037 895 1076; x_wconf 64' lang='lat' dir='ltr'>serpissime</span> <span class='ocrx_word' id='word_1_125' title='bbox 913 1038 948 1066; x_wconf 87' lang='lat' dir='ltr'>li—</span> <span class='ocrx_word' id='word_1_126' title='bbox 963 1047 982 1068; x_wconf 82' lang='grc' dir='ltr'>Α</span> 
     </span>
     <span class='ocr_line' id='line_1_22' title="bbox 231 1083 948 1122; baseline -0.001 -9"><span class='ocrx_word' id='word_1_127' title='bbox 231 1086 313 1121; x_wconf 82' lang='lat' dir='ltr'>cebit‚</span> <span class='ocrx_word' id='word_1_128' title='bbox 327 1085 362 1114; x_wconf 90' lang='lat' dir='ltr'>de</span> <span class='ocrx_word' id='word_1_129' title='bbox 377 1092 422 1113; x_wconf 86' lang='lat' dir='ltr'>tua</span> <span class='ocrx_word' id='word_1_130' title='bbox 447 1083 608 1120; x_wconf 74' lang='lat' dir='ltr'>valetudine,</span> <span class='ocrx_word' id='word_1_131' title='bbox 625 1094 686 1122; x_wconf 77' lang='lat' dir='ltr'>quae</span> <span class='ocrx_word' id='word_1_132' title='bbox 698 1083 845 1112; x_wconf 83' lang='lat' dir='ltr'>admodum</span> <span class='ocrx_word' id='word_1_133' title='bbox 871 1083 948 1112; x_wconf 86' lang='lat' dir='ltr'>nobis</span> 
     </span>
     <span class='ocr_line' id='line_1_23' title="bbox 232 1129 635 1167; baseline -0.005 -8"><span class='ocrx_word' id='word_1_134' title='bbox 232 1141 302 1159; x_wconf 70' lang='lat' dir='ltr'>curae</span> <span class='ocrx_word' id='word_1_135' title='bbox 313 1138 361 1167; x_wconf 80' lang='lat' dir='ltr'>est,</span> <span class='ocrx_word' id='word_1_136' title='bbox 377 1131 417 1158; x_wconf 82' lang='lat' dir='ltr'>fac</span> <span class='ocrx_word' id='word_1_137' title='bbox 431 1140 473 1158; x_wconf 89' lang='lat' dir='ltr'>me</span> <span class='ocrx_word' id='word_1_138' title='bbox 487 1129 635 1158; x_wconf 85' lang='lat' dir='ltr'>certiorem.</span> 
     </span>
    </p>
   </div>
   <div class='ocr_carea' id='block_1_9' title="bbox 233 1218 945 1257">
    <p class='ocr_par' dir='ltr' id='par_1_9' title="bbox 233 1218 945 1257">
     <span class='ocr_line' id='line_1_24' title="bbox 233 1218 945 1257; baseline 0 -10"><span class='ocrx_word' id='word_1_139' title='bbox 233 1219 366 1247; x_wconf 81' lang='lat' dir='ltr'><em>CLXIX.</em></span> <span class='ocrx_word' id='word_1_140' title='bbox 385 1218 515 1247; x_wconf 77' lang='lat' dir='ltr'>Julianae</span> <span class='ocrx_word' id='word_1_141' title='bbox 527 1220 607 1254; x_wconf 78' lang='lat' dir='ltr'>eliis,</span> <span class='ocrx_word' id='word_1_142' title='bbox 623 1228 687 1257; x_wconf 81' lang='lat' dir='ltr'>quoe</span> <span class='ocrx_word' id='word_1_143' title='bbox 704 1228 769 1247; x_wconf 84' lang='lat' dir='ltr'>cum</span> <span class='ocrx_word' id='word_1_144' title='bbox 790 1221 853 1257; x_wconf 83' lang='lat' dir='ltr'>ipsa</span> <span class='ocrx_word' id='word_1_145' title='bbox 867 1226 945 1248; x_wconf 79' lang='lat' dir='ltr'>sunt.</span> 
     </span>
    </p>
   </div>
   <div class='ocr_carea' id='block_1_10' title="bbox 231 1302 981 2062">
    <p class='ocr_par' dir='ltr' id='par_1_10' title="bbox 231 1302 981 2062">
     <span class='ocr_line' id='line_1_25' title="bbox 273 1302 947 1342; baseline 0 -11"><span class='ocrx_word' id='word_1_146' title='bbox 273 1304 334 1339; x_wconf 90' lang='lat' dir='ltr'>Quo</span> <span class='ocrx_word' id='word_1_147' title='bbox 354 1303 478 1342; x_wconf 79' lang='lat' dir='ltr'>graviore</span> <span class='ocrx_word' id='word_1_148' title='bbox 503 1312 577 1342; x_wconf 76' lang='lat' dir='ltr'>poena</span> <span class='ocrx_word' id='word_1_149' title='bbox 597 1302 719 1331; x_wconf 80' lang='lat' dir='ltr'>mulctati</span> <span class='ocrx_word' id='word_1_150' title='bbox 742 1309 814 1339; x_wconf 83' lang='lat' dir='ltr'>sunt,</span> <span class='ocrx_word' id='word_1_151' title='bbox 842 1303 888 1341; x_wconf 84' lang='lat' dir='ltr'>qni</span> <span class='ocrx_word' id='word_1_152' title='bbox 910 1309 947 1331; x_wconf 84' lang='lat' dir='ltr'>tot</span> 
     </span>
     <span class='ocr_line' id='line_1_26' title="bbox 233 1348 949 1388; baseline -0.001 -10"><span class='ocrx_word' id='word_1_153' title='bbox 233 1350 330 1378; x_wconf 79' lang='lat' dir='ltr'>scelera</span> <span class='ocrx_word' id='word_1_154' title='bbox 352 1355 549 1388; x_wconf 78' lang='lat' dir='ltr'>perpetrarunt,</span> <span class='ocrx_word' id='word_1_155' title='bbox 563 1358 594 1376; x_wconf 90' lang='lat' dir='ltr'>co</span> <span class='ocrx_word' id='word_1_156' title='bbox 620 1358 725 1386; x_wconf 89' lang='lat' dir='ltr'>quoque</span> <span class='ocrx_word' id='word_1_157' title='bbox 739 1348 826 1383; x_wconf 75' lang='lat' dir='ltr'>vobis,</span> <span class='ocrx_word' id='word_1_158' title='bbox 849 1348 894 1386; x_wconf 86' lang='lat' dir='ltr'>qui</span> <span class='ocrx_word' id='word_1_159' title='bbox 909 1355 949 1377; x_wconf 84' lang='lat' dir='ltr'>tot</span> 
     </span>
     <span class='ocr_line' id='line_1_27' title="bbox 232 1393 948 1431; baseline -0.003 -8"><span class='ocrx_word' id='word_1_160' title='bbox 232 1395 329 1423; x_wconf 74' lang='lat' dir='ltr'>scelera</span> <span class='ocrx_word' id='word_1_161' title='bbox 342 1394 430 1423; x_wconf 81' lang='lat' dir='ltr'>delere</span> <span class='ocrx_word' id='word_1_162' title='bbox 448 1393 598 1428; x_wconf 78' lang='lat' dir='ltr'>studuistis,</span> <span class='ocrx_word' id='word_1_163' title='bbox 623 1400 779 1431; x_wconf 85' lang='lat' dir='ltr'>tantumque</span> <span class='ocrx_word' id='word_1_164' title='bbox 803 1393 903 1422; x_wconf 84' lang='lat' dir='ltr'>laboris</span> <span class='ocrx_word' id='word_1_165' title='bbox 923 1400 948 1422; x_wconf 90' lang='lat' dir='ltr'>et</span> 
     </span>
     <span class='ocr_line' id='line_1_28' title="bbox 231 1439 947 1478; baseline -0.003 -10"><span class='ocrx_word' id='word_1_166' title='bbox 231 1450 355 1468; x_wconf 80' lang='lat' dir='ltr'>aerumnae</span> <span class='ocrx_word' id='word_1_167' title='bbox 367 1439 514 1478; x_wconf 74' lang='lat' dir='ltr'>suscipitis,</span> <span class='ocrx_word' id='word_1_168' title='bbox 539 1439 658 1478; x_wconf 81' lang='lat' dir='ltr'>amplior</span> <span class='ocrx_word' id='word_1_169' title='bbox 672 1449 771 1466; x_wconf 83' lang='lat' dir='ltr'>merces</span> <span class='ocrx_word' id='word_1_170' title='bbox 795 1439 884 1466; x_wconf 86' lang='lat' dir='ltr'>sutura</span> <span class='ocrx_word' id='word_1_171' title='bbox 899 1445 947 1467; x_wconf 85' lang='lat' dir='ltr'>est.</span> 
     </span>
     <span class='ocr_line' id='line_1_29' title="bbox 233 1483 981 1523; baseline -0.001 -10"><span class='ocrx_word' id='word_1_172' title='bbox 233 1486 325 1523; x_wconf 84' lang='lat' dir='ltr'>Neque</span> <span class='ocrx_word' id='word_1_173' title='bbox 336 1484 405 1513; x_wconf 89' lang='lat' dir='ltr'>enim</span> <span class='ocrx_word' id='word_1_174' title='bbox 420 1484 497 1512; x_wconf 86' lang='lat' dir='ltr'>nobis</span> <span class='ocrx_word' id='word_1_175' title='bbox 517 1484 628 1512; x_wconf 83' lang='lat' dir='ltr'>obscura</span> <span class='ocrx_word' id='word_1_176' title='bbox 649 1484 701 1512; x_wconf 89' lang='lat' dir='ltr'>fuit</span> <span class='ocrx_word' id='word_1_177' title='bbox 711 1494 740 1511; x_wconf 85' lang='lat' dir='ltr'>ea</span> <span class='ocrx_word' id='word_1_178' title='bbox 764 1483 946 1521; x_wconf 83' lang='lat' dir='ltr'>beneficentia,</span> <span class='ocrx_word' id='word_1_179' title='bbox 963 1495 981 1518; x_wconf 90' lang='lat' dir='ltr'>B</span> 
     </span>
     <span class='ocr_line' id='line_1_30' title="bbox 232 1529 946 1570; baseline -0.003 -10"><span class='ocrx_word' id='word_1_180' title='bbox 232 1530 536 1570; x_wconf 80' lang='lat' dir='ltr'>idquestudium‚quod</span> <span class='ocrx_word' id='word_1_181' title='bbox 545 1530 609 1558; x_wconf 86' lang='lat' dir='ltr'>etin</span> <span class='ocrx_word' id='word_1_182' title='bbox 630 1530 743 1568; x_wconf 79' lang='lat' dir='ltr'>negotio,</span> <span class='ocrx_word' id='word_1_183' title='bbox 767 1529 801 1558; x_wconf 88' lang='lat' dir='ltr'>de</span> <span class='ocrx_word' id='word_1_184' title='bbox 815 1541 868 1568; x_wconf 91' lang='lat' dir='ltr'>quo</span> <span class='ocrx_word' id='word_1_185' title='bbox 888 1530 946 1568; x_wconf 80' lang='lat' dir='ltr'>agi-</span> 
     </span>
     <span class='ocr_line' id='line_1_31' title="bbox 233 1575 947 1615; baseline -0.003 -10"><span class='ocrx_word' id='word_1_186' title='bbox 233 1585 286 1613; x_wconf 87' lang='lat' dir='ltr'>tur,</span> <span class='ocrx_word' id='word_1_187' title='bbox 297 1584 322 1606; x_wconf 84' lang='lat' dir='ltr'>et</span> <span class='ocrx_word' id='word_1_188' title='bbox 336 1577 363 1605; x_wconf 91' lang='lat' dir='ltr'>in</span> <span class='ocrx_word' id='word_1_189' title='bbox 377 1576 541 1615; x_wconf 78' lang='lat' dir='ltr'>excipiendis</span> <span class='ocrx_word' id='word_1_190' title='bbox 553 1576 719 1613; x_wconf 84' lang='lat' dir='ltr'>benigneque</span> <span class='ocrx_word' id='word_1_191' title='bbox 740 1575 947 1615; x_wconf 80' lang='lat' dir='ltr'>complectendis</span> 
     </span>
     <span class='ocr_line' id='line_1_32' title="bbox 232 1621 947 1661; baseline -0.001 -10"><span class='ocrx_word' id='word_1_192' title='bbox 232 1623 276 1659; x_wconf 87' lang='lat' dir='ltr'>iis,</span> <span class='ocrx_word' id='word_1_193' title='bbox 291 1633 358 1661; x_wconf 89' lang='lat' dir='ltr'>quos</span> <span class='ocrx_word' id='word_1_194' title='bbox 370 1622 439 1650; x_wconf 83' lang='lat' dir='ltr'>istuc</span> <span class='ocrx_word' id='word_1_195' title='bbox 462 1621 593 1656; x_wconf 86' lang='lat' dir='ltr'>misimus,</span> <span class='ocrx_word' id='word_1_196' title='bbox 607 1621 776 1660; x_wconf 66' lang='lat' dir='ltr'>piwstitistis.</span> <span class='ocrx_word' id='word_1_197' title='bbox 794 1621 886 1659; x_wconf 89' lang='lat' dir='ltr'>quue</span> <span class='ocrx_word' id='word_1_198' title='bbox 900 1632 947 1650; x_wconf 88' lang='lat' dir='ltr'>no—</span> 
     </span>
     <span class='ocr_line' id='line_1_33' title="bbox 232 1666 948 1705; baseline -0.001 -9"><span class='ocrx_word' id='word_1_199' title='bbox 232 1668 303 1696; x_wconf 81' lang='lat' dir='ltr'>mine</span> <span class='ocrx_word' id='word_1_200' title='bbox 325 1667 424 1705; x_wconf 78' lang='lat' dir='ltr'>gratias</span> <span class='ocrx_word' id='word_1_201' title='bbox 448 1667 526 1695; x_wconf 67' lang='lat' dir='ltr'>vobis</span> <span class='ocrx_word' id='word_1_202' title='bbox 538 1666 677 1701; x_wconf 82' lang='lat' dir='ltr'>babemus,</span> <span class='ocrx_word' id='word_1_203' title='bbox 698 1677 798 1704; x_wconf 73' lang='lat' dir='ltr'>vosque</span> <span class='ocrx_word' id='word_1_204' title='bbox 824 1677 948 1705; x_wconf 79' lang='lat' dir='ltr'>rogamus</span> 
     </span>
     <span class='ocr_line' id='line_1_34' title="bbox 232 1712 947 1750; baseline -0.001 -9"><span class='ocrx_word' id='word_1_205' title='bbox 232 1720 261 1741; x_wconf 87' lang='lat' dir='ltr'>ut</span> <span class='ocrx_word' id='word_1_206' title='bbox 274 1714 300 1741; x_wconf 90' lang='lat' dir='ltr'>in</span> <span class='ocrx_word' id='word_1_207' title='bbox 323 1712 417 1741; x_wconf 85' lang='lat' dir='ltr'>eodem</span> <span class='ocrx_word' id='word_1_208' title='bbox 429 1712 518 1741; x_wconf 84' lang='lat' dir='ltr'>studio</span> <span class='ocrx_word' id='word_1_209' title='bbox 530 1718 553 1740; x_wconf 86' lang='lat' dir='ltr'>ct</span> <span class='ocrx_word' id='word_1_210' title='bbox 566 1712 705 1740; x_wconf 77' lang='lat' dir='ltr'>alacritate</span> <span class='ocrx_word' id='word_1_211' title='bbox 727 1712 947 1750; x_wconf 69' lang='lat' dir='ltr'>pei-maneatis‚ac</span> 
     </span>
     <span class='ocr_line' id='line_1_35' title="bbox 232 1757 947 1787; baseline 0 -1"><span class='ocrx_word' id='word_1_212' title='bbox 232 1758 336 1787; x_wconf 80' lang='lat' dir='ltr'>firmius</span> <span class='ocrx_word' id='word_1_213' title='bbox 347 1758 426 1786; x_wconf 80' lang='lat' dir='ltr'>etiam</span> <span class='ocrx_word' id='word_1_214' title='bbox 442 1757 525 1786; x_wconf 83' lang='lat' dir='ltr'>animi</span> <span class='ocrx_word' id='word_1_215' title='bbox 545 1757 628 1785; x_wconf 79' lang='lat' dir='ltr'>robur</span> <span class='ocrx_word' id='word_1_216' title='bbox 647 1764 672 1785; x_wconf 92' lang='lat' dir='ltr'>et</span> <span class='ocrx_word' id='word_1_217' title='bbox 695 1757 880 1786; x_wconf 82' lang='lat' dir='ltr'>fortitudinem</span> <span class='ocrx_word' id='word_1_218' title='bbox 900 1757 947 1786; x_wconf 87' lang='lat' dir='ltr'>ad-</span> 
     </span>
     <span class='ocr_line' id='line_1_36' title="bbox 232 1803 948 1842; baseline -0.003 -9"><span class='ocrx_word' id='word_1_219' title='bbox 232 1805 354 1833; x_wconf 82' lang='lat' dir='ltr'>hibeatis.</span> <span class='ocrx_word' id='word_1_220' title='bbox 367 1805 459 1842; x_wconf 88' lang='lat' dir='ltr'>Neque</span> <span class='ocrx_word' id='word_1_221' title='bbox 476 1803 546 1831; x_wconf 88' lang='lat' dir='ltr'>cuim</span> <span class='ocrx_word' id='word_1_222' title='bbox 566 1814 613 1831; x_wconf 82' lang='lat' dir='ltr'>vos</span> <span class='ocrx_word' id='word_1_223' title='bbox 629 1803 709 1841; x_wconf 80' lang='lat' dir='ltr'>sugit,</span> <span class='ocrx_word' id='word_1_224' title='bbox 726 1810 826 1841; x_wconf 89' lang='lat' dir='ltr'>quanta</span> <span class='ocrx_word' id='word_1_225' title='bbox 836 1803 948 1842; x_wconf 83' lang='lat' dir='ltr'>hujusce</span> 
     </span>
     <span class='ocr_line' id='line_1_37' title="bbox 233 1848 948 1889; baseline -0.003 -11"><span class='ocrx_word' id='word_1_226' title='bbox 233 1850 353 1889; x_wconf 66' lang='lat' dir='ltr'>praeclari</span> <span class='ocrx_word' id='word_1_227' title='bbox 367 1849 430 1878; x_wconf 85' lang='lat' dir='ltr'>sacti</span> <span class='ocrx_word' id='word_1_228' title='bbox 445 1848 602 1887; x_wconf 76' lang='lat' dir='ltr'>magnitudo</span> <span class='ocrx_word' id='word_1_229' title='bbox 621 1848 666 1885; x_wconf 75' lang='lat' dir='ltr'>sit,</span> <span class='ocrx_word' id='word_1_230' title='bbox 678 1855 859 1886; x_wconf 82' lang='lat' dir='ltr'>quantamque</span> <span class='ocrx_word' id='word_1_231' title='bbox 879 1860 948 1877; x_wconf 83' lang='lat' dir='ltr'>mer-</span> 
     </span>
     <span class='ocr_line' id='line_1_38' title="bbox 232 1894 948 1935; baseline -0.004 -10"><span class='ocrx_word' id='word_1_232' title='bbox 232 1896 324 1925; x_wconf 88' lang='lat' dir='ltr'>cedem</span> <span class='ocrx_word' id='word_1_233' title='bbox 343 1902 506 1935; x_wconf 79' lang='lat' dir='ltr'>pcrcepturae</span> <span class='ocrx_word' id='word_1_234' title='bbox 533 1894 600 1930; x_wconf 78' lang='lat' dir='ltr'>sitis,</span> <span class='ocrx_word' id='word_1_235' title='bbox 621 1901 708 1922; x_wconf 84' lang='lat' dir='ltr'>tantos</span> <span class='ocrx_word' id='word_1_236' title='bbox 727 1901 824 1932; x_wconf 87' lang='lat' dir='ltr'>motus,</span> <span class='ocrx_word' id='word_1_237' title='bbox 849 1905 879 1924; x_wconf 85' lang='lat' dir='ltr'>ac</span> <span class='ocrx_word' id='word_1_238' title='bbox 894 1902 948 1923; x_wconf 84' lang='lat' dir='ltr'>tam</span> 
     </span>
     <span class='ocr_line' id='line_1_39' title="bbox 233 1939 948 1979; baseline -0.003 -8"><span class='ocrx_word' id='word_1_239' title='bbox 233 1952 316 1971; x_wconf 79' lang='lat' dir='ltr'>saevos</span> <span class='ocrx_word' id='word_1_240' title='bbox 337 1942 446 1978; x_wconf 81' lang='lat' dir='ltr'>fluctus,</span> <span class='ocrx_word' id='word_1_241' title='bbox 474 1947 605 1978; x_wconf 80' lang='lat' dir='ltr'>quantum</span> <span class='ocrx_word' id='word_1_242' title='bbox 627 1940 655 1968; x_wconf 92' lang='lat' dir='ltr'>in</span> <span class='ocrx_word' id='word_1_243' title='bbox 670 1939 746 1968; x_wconf 83' lang='lat' dir='ltr'>vobis</span> <span class='ocrx_word' id='word_1_244' title='bbox 771 1947 819 1975; x_wconf 88' lang='lat' dir='ltr'>est,</span> <span class='ocrx_word' id='word_1_245' title='bbox 842 1951 948 1979; x_wconf 83' lang='lat' dir='ltr'>compe-</span> 
     </span>
     <span class='ocr_line' id='line_1_40' title="bbox 232 1985 947 2025; baseline -0.001 -9"><span class='ocrx_word' id='word_1_246' title='bbox 232 1995 342 2023; x_wconf 84' lang='lat' dir='ltr'>scentes,</span> <span class='ocrx_word' id='word_1_247' title='bbox 358 1997 478 2024; x_wconf 82' lang='lat' dir='ltr'>eamque,</span> <span class='ocrx_word' id='word_1_248' title='bbox 495 1996 576 2024; x_wconf 84' lang='lat' dir='ltr'>quam</span> <span class='ocrx_word' id='word_1_249' title='bbox 587 1996 636 2025; x_wconf 80' lang='lat' dir='ltr'>par</span> <span class='ocrx_word' id='word_1_250' title='bbox 650 1992 698 2023; x_wconf 76' lang='lat' dir='ltr'>est,</span> <span class='ocrx_word' id='word_1_251' title='bbox 719 1985 833 2025; x_wconf 81' lang='lat' dir='ltr'>acceptis</span> <span class='ocrx_word' id='word_1_252' title='bbox 847 1985 947 2015; x_wconf 86' lang='lat' dir='ltr'>incom-</span> 
     </span>
     <span class='ocr_line' id='line_1_41' title="bbox 233 2032 645 2062; baseline -0.005 0"><span class='ocrx_word' id='word_1_253' title='bbox 233 2034 320 2062; x_wconf 85' lang='lat' dir='ltr'>modis</span> <span class='ocrx_word' id='word_1_254' title='bbox 327 2033 487 2062; x_wconf 87' lang='lat' dir='ltr'>medicinam</span> <span class='ocrx_word' id='word_1_255' title='bbox 496 2032 645 2061; x_wconf 75' lang='lat' dir='ltr'>afferentes.</span> 
     </span>
    </p>
   </div>
   <div class='ocr_carea' id='block_1_11' title="bbox 463 2115 714 2145">
    <p class='ocr_par' dir='ltr' id='par_1_11' title="bbox 463 2115 714 2145">
     <span class='ocr_line' id='line_1_42' title="bbox 463 2115 714 2145; baseline -0.004 0"><span class='ocrx_word' id='word_1_256' title='bbox 463 2116 580 2145; x_wconf 80' lang='lat' dir='ltr'><em>CLXX.</em></span> <span class='ocrx_word' id='word_1_257' title='bbox 594 2115 714 2144; x_wconf 64' lang='lat' dir='ltr'>Italicae.</span> 
     </span>
    </p>
   </div>
   <div class='ocr_carea' id='block_1_12' title="bbox 234 2194 948 2552">
    <p class='ocr_par' dir='ltr' id='par_1_12' title="bbox 234 2194 948 2552">
     <span class='ocr_line' id='line_1_43' title="bbox 275 2194 947 2233; baseline -0.001 -9"><span class='ocrx_word' id='word_1_258' title='bbox 275 2197 305 2224; x_wconf 91' lang='lat' dir='ltr'>In</span> <span class='ocrx_word' id='word_1_259' title='bbox 333 2194 449 2224; x_wconf 76' lang='lat' dir='ltr'>externis</span> <span class='ocrx_word' id='word_1_260' title='bbox 473 2194 596 2233; x_wconf 83' lang='lat' dir='ltr'>negotiis,</span> <span class='ocrx_word' id='word_1_261' title='bbox 618 2201 648 2222; x_wconf 89' lang='lat' dir='ltr'>ut</span> <span class='ocrx_word' id='word_1_262' title='bbox 676 2200 782 2231; x_wconf 86' lang='lat' dir='ltr'>natura,</span> <span class='ocrx_word' id='word_1_263' title='bbox 808 2194 843 2223; x_wconf 76' lang='lat' dir='ltr'>ita</span> <span class='ocrx_word' id='word_1_264' title='bbox 868 2194 947 2223; x_wconf 83' lang='lat' dir='ltr'>ctiam</span> 
     </span>
     <span class='ocr_line' id='line_1_44' title="bbox 235 2239 947 2278; baseline -0.006 -6"><span class='ocrx_word' id='word_1_265' title='bbox 235 2243 337 2272; x_wconf 84' lang='lat' dir='ltr'>actione</span> <span class='ocrx_word' id='word_1_266' title='bbox 353 2247 431 2278; x_wconf 87' lang='lat' dir='ltr'>atque</span> <span class='ocrx_word' id='word_1_267' title='bbox 452 2239 681 2268; x_wconf 75' lang='lat' dir='ltr'>administratione</span> <span class='ocrx_word' id='word_1_268' title='bbox 701 2239 821 2268; x_wconf 85' lang='lat' dir='ltr'>distincti</span> <span class='ocrx_word' id='word_1_269' title='bbox 842 2247 905 2268; x_wconf 86' lang='lat' dir='ltr'>sunt</span> <span class='ocrx_word' id='word_1_270' title='bbox 918 2240 947 2268; x_wconf 87' lang='lat' dir='ltr'>hi</span> 
     </span>
     <span class='ocr_line' id='line_1_45' title="bbox 235 2284 948 2324; baseline -0.004 -7"><span class='ocrx_word' id='word_1_271' title='bbox 235 2285 461 2324; x_wconf 76' lang='lat' dir='ltr'>scxus,nimirum</span> <span class='ocrx_word' id='word_1_272' title='bbox 473 2284 547 2314; x_wconf 85' lang='lat' dir='ltr'>viret</span> <span class='ocrx_word' id='word_1_273' title='bbox 558 2284 664 2313; x_wconf 82' lang='lat' dir='ltr'>mulier.</span> <span class='ocrx_word' id='word_1_274' title='bbox 680 2285 724 2314; x_wconf 90' lang='lat' dir='ltr'>Sic</span> <span class='ocrx_word' id='word_1_275' title='bbox 739 2285 808 2313; x_wconf 86' lang='lat' dir='ltr'>enim</span> <span class='ocrx_word' id='word_1_276' title='bbox 827 2285 948 2314; x_wconf 83' lang='lat' dir='ltr'>moribus</span> 
     </span>
     <span class='ocr_line' id='line_1_46' title="bbox 234 2330 948 2373; baseline -0.003 -11"><span class='ocrx_word' id='word_1_277' title='bbox 234 2338 417 2373; x_wconf 83' lang='lat' dir='ltr'>comparatum</span> <span class='ocrx_word' id='word_1_278' title='bbox 435 2337 482 2366; x_wconf 86' lang='lat' dir='ltr'>est,</span> <span class='ocrx_word' id='word_1_279' title='bbox 498 2337 527 2358; x_wconf 88' lang='lat' dir='ltr'>ut</span> <span class='ocrx_word' id='word_1_280' title='bbox 541 2330 638 2358; x_wconf 82' lang='lat' dir='ltr'>mulier</span> <span class='ocrx_word' id='word_1_281' title='bbox 650 2330 724 2359; x_wconf 88' lang='lat' dir='ltr'>domi</span> <span class='ocrx_word' id='word_1_282' title='bbox 749 2342 776 2359; x_wconf 90' lang='lat' dir='ltr'>sc</span> <span class='ocrx_word' id='word_1_283' title='bbox 792 2338 886 2369; x_wconf 76' lang='lat' dir='ltr'>teneat,</span> <span class='ocrx_word' id='word_1_284' title='bbox 904 2332 948 2361; x_wconf 70' lang='lat' dir='ltr'>vit·</span> 
     </span>
     <span class='ocr_line' id='line_1_47' title="bbox 234 2375 947 2417; baseline -0.001 -10"><span class='ocrx_word' id='word_1_285' title='bbox 234 2386 322 2408; x_wconf 81' lang='lat' dir='ltr'>autem</span> <span class='ocrx_word' id='word_1_286' title='bbox 336 2377 444 2417; x_wconf 80' lang='lat' dir='ltr'>publica</span> <span class='ocrx_word' id='word_1_287' title='bbox 463 2382 488 2404; x_wconf 87' lang='lat' dir='ltr'>ct</span> <span class='ocrx_word' id='word_1_288' title='bbox 501 2375 612 2403; x_wconf 81' lang='lat' dir='ltr'>forensia</span> <span class='ocrx_word' id='word_1_289' title='bbox 634 2376 738 2413; x_wconf 79' lang='lat' dir='ltr'>negotia</span> <span class='ocrx_word' id='word_1_290' title='bbox 758 2377 893 2415; x_wconf 85' lang='lat' dir='ltr'>suscipiat.</span> <span class='ocrx_word' id='word_1_291' title='bbox 914 2380 947 2406; x_wconf 69' lang='lat' dir='ltr'>At</span> 
     </span>
     <span class='ocr_line' id='line_1_48' title="bbox 236 2420 946 2460; baseline -0.004 -7"><span class='ocrx_word' id='word_1_292' title='bbox 236 2426 260 2453; x_wconf 88' lang='lat' dir='ltr'>iu</span> <span class='ocrx_word' id='word_1_293' title='bbox 288 2423 389 2452; x_wconf 72' lang='lat' dir='ltr'>divinis</span> <span class='ocrx_word' id='word_1_294' title='bbox 404 2420 602 2455; x_wconf 77' lang='lat' dir='ltr'>certaminibus,</span> <span class='ocrx_word' id='word_1_295' title='bbox 621 2420 707 2458; x_wconf 86' lang='lat' dir='ltr'>iisque</span> <span class='ocrx_word' id='word_1_296' title='bbox 727 2421 875 2458; x_wconf 79' lang='lat' dir='ltr'>laboribus,</span> <span class='ocrx_word' id='word_1_297' title='bbox 901 2423 946 2460; x_wconf 86' lang='lat' dir='ltr'>qui</span> 
     </span>
     <span class='ocr_line' id='line_1_49' title="bbox 235 2466 945 2503; baseline -0.006 -3"><span class='ocrx_word' id='word_1_298' title='bbox 235 2471 359 2501; x_wconf 76' lang='lat' dir='ltr'>Ecclesiae</span> <span class='ocrx_word' id='word_1_299' title='bbox 384 2478 462 2497; x_wconf 78' lang='lat' dir='ltr'>causa</span> <span class='ocrx_word' id='word_1_300' title='bbox 479 2466 636 2503; x_wconf 78' lang='lat' dir='ltr'>subeuntur,</span> <span class='ocrx_word' id='word_1_301' title='bbox 654 2466 706 2494; x_wconf 88' lang='lat' dir='ltr'>hoc</span> <span class='ocrx_word' id='word_1_302' title='bbox 721 2466 809 2495; x_wconf 86' lang='lat' dir='ltr'>locum</span> <span class='ocrx_word' id='word_1_303' title='bbox 826 2478 876 2496; x_wconf 91' lang='lat' dir='ltr'>non</span> <span class='ocrx_word' id='word_1_304' title='bbox 894 2468 945 2496; x_wconf 81' lang='lat' dir='ltr'>ha-</span> 
     </span>
     <span class='ocr_line' id='line_1_50' title="bbox 235 2511 947 2552; baseline -0.007 -6"><span class='ocrx_word' id='word_1_305' title='bbox 235 2519 279 2546; x_wconf 76' lang='lat' dir='ltr'>bet</span> <span class='ocrx_word' id='word_1_306' title='bbox 297 2529 301 2544; x_wconf 95' lang='lat'>:</span> <span class='ocrx_word' id='word_1_307' title='bbox 321 2525 414 2545; x_wconf 70' lang='lat' dir='ltr'>verum</span> <span class='ocrx_word' id='word_1_308' title='bbox 436 2513 492 2541; x_wconf 82' lang='lat' dir='ltr'>ficri</span> <span class='ocrx_word' id='word_1_309' title='bbox 505 2519 641 2552; x_wconf 70' lang='lat' dir='ltr'>potest7ut</span> <span class='ocrx_word' id='word_1_310' title='bbox 653 2511 750 2541; x_wconf 81' lang='lat' dir='ltr'>femina</span> <span class='ocrx_word' id='word_1_311' title='bbox 764 2513 789 2541; x_wconf 92' lang='lat' dir='ltr'>in</span> <span class='ocrx_word' id='word_1_312' title='bbox 813 2514 947 2552; x_wconf 76' lang='lat' dir='ltr'>praeclaris</span> 
     </span>
    </p>
   </div>
   <div class='ocr_carea' id='block_1_13' title="bbox 996 148 1446 172">
    <p class='ocr_par' dir='ltr' id='par_1_13' title="bbox 996 148 1446 172">
     <span class='ocr_line' id='line_1_51' title="bbox 996 148 1446 172; baseline 0.002 -3"><span class='ocrx_word' id='word_1_313' title='bbox 996 148 1137 171; x_wconf 69' lang='lat' dir='ltr'>Ancniffl&#39;</span> <span class='ocrx_word' id='word_1_314' title='bbox 1144 163 1150 171; x_wconf 87' lang='lat'>.</span> <span class='ocrx_word' id='word_1_315' title='bbox 1180 149 1432 172; x_wconf 65' lang='lat' dir='ltr'>CONSTANTINOP</span> <span class='ocrx_word' id='word_1_316' title='bbox 1439 164 1446 170; x_wconf 92' lang='lat'>.</span> 
     </span>
    </p>
   </div>
   <div class='ocr_carea' id='block_1_14' title="bbox 1142 258 1625 300">
    <p class='ocr_par' dir='ltr' id='par_1_14' title="bbox 1142 258 1625 300">
     <span class='ocr_line' id='line_1_52' title="bbox 1142 258 1625 300; baseline -0.002 -13"><span class='ocrx_word' id='word_1_317' title='bbox 1142 258 1205 297; x_wconf 78' lang='grc' dir='ltr'>ρξ7,’.</span> <span class='ocrx_word' id='word_1_318' title='bbox 1221 260 1312 298; x_wconf 71' lang='grc' dir='ltr'>Πρόὸῃ</span> <span class='ocrx_word' id='word_1_319' title='bbox 1329 260 1465 300; x_wconf 70' lang='grc' dir='ltr'>ἐλευθέρα,</span> <span class='ocrx_word' id='word_1_320' title='bbox 1480 261 1505 288; x_wconf 79' lang='grc' dir='ltr'>ἐν</span> <span class='ocrx_word' id='word_1_321' title='bbox 1522 258 1625 297; x_wconf 77' lang='grc' dir='ltr'><strong>Ῥώμῄ.</strong></span> 
     </span>
    </p>
   </div>
   <div class='ocr_carea' id='block_1_15' title="bbox 997 350 1770 1169">
    <p class='ocr_par' dir='ltr' id='par_1_15' title="bbox 997 350 1770 1169">
     <span class='ocr_line' id='line_1_53' title="bbox 1041 350 1766 394; baseline -0.001 -12"><span class='ocrx_word' id='word_1_322' title='bbox 1041 354 1072 382; x_wconf 76' lang='grc' dir='ltr'>Εἰ</span> <span class='ocrx_word' id='word_1_323' title='bbox 1085 354 1129 382; x_wconf 82' lang='grc' dir='ltr'>καὶ</span> <span class='ocrx_word' id='word_1_324' title='bbox 1141 354 1232 393; x_wconf 81' lang='grc' dir='ltr'>πολλῷ</span> <span class='ocrx_word' id='word_1_325' title='bbox 1247 354 1405 394; x_wconf 78' lang='grc' dir='ltr'>διῳκίσμεθα</span> <span class='ocrx_word' id='word_1_326' title='bbox 1418 357 1455 394; x_wconf 80' lang='grc' dir='ltr'>τῷ</span> <span class='ocrx_word' id='word_1_327' title='bbox 1471 355 1543 394; x_wconf 79' lang='grc' dir='ltr'>μέσῳ</span> <span class='ocrx_word' id='word_1_328' title='bbox 1555 356 1602 389; x_wconf 65' lang='grc' dir='ltr'>τῆς</span> <span class='ocrx_word' id='word_1_329' title='bbox 1614 350 1683 390; x_wconf 68' lang='grc' dir='ltr'>ὁδοῦ,</span> <span class='ocrx_word' id='word_1_330' title='bbox 1698 353 1766 381; x_wconf 82' lang='grc' dir='ltr'>ἀλλὰ</span> 
     </span>
     <span class='ocr_line' id='line_1_54' title="bbox 998 399 1766 439; baseline 0 -11"><span class='ocrx_word' id='word_1_331' title='bbox 998 401 1045 433; x_wconf 66' lang='grc' dir='ltr'>τῆς</span> <span class='ocrx_word' id='word_1_332' title='bbox 1059 400 1167 438; x_wconf 74' lang='grc' dir='ltr'>γνησίας</span> <span class='ocrx_word' id='word_1_333' title='bbox 1190 412 1235 429; x_wconf 84' lang='grc' dir='ltr'>σου</span> <span class='ocrx_word' id='word_1_334' title='bbox 1262 399 1307 428; x_wconf 83' lang='grc' dir='ltr'>καὶ</span> <span class='ocrx_word' id='word_1_335' title='bbox 1325 402 1422 438; x_wconf 70' lang='grc' dir='ltr'>θερμῆς</span> <span class='ocrx_word' id='word_1_336' title='bbox 1438 401 1542 439; x_wconf 74' lang='grc' dir='ltr'>ἀγάπης</span> <span class='ocrx_word' id='word_1_337' title='bbox 1552 423 1559 435; x_wconf 95' lang='grc'><strong><em>,</em></strong></span> <span class='ocrx_word' id='word_1_338' title='bbox 1575 402 1610 432; x_wconf 81' lang='grc' dir='ltr'>ὡς</span> <span class='ocrx_word' id='word_1_339' title='bbox 1623 399 1749 438; x_wconf 81' lang='grc' dir='ltr'>παρόντες</span> <span class='ocrx_word' id='word_1_340' title='bbox 1759 421 1766 433; x_wconf 87' lang='grc'><strong><em>,</em></strong></span> 
     </span>
     <span class='ocr_line' id='line_1_55' title="bbox 998 445 1767 485; baseline -0.001 -11"><span class='ocrx_word' id='word_1_341' title='bbox 998 446 1042 474; x_wconf 80' lang='grc' dir='ltr'>καὶ</span> <span class='ocrx_word' id='word_1_342' title='bbox 1055 446 1142 474; x_wconf 81' lang='grc' dir='ltr'>πάντα</span> <span class='ocrx_word' id='word_1_343' title='bbox 1153 445 1186 474; x_wconf 77' lang='grc' dir='ltr'>τὰ</span> <span class='ocrx_word' id='word_1_344' title='bbox 1199 446 1232 474; x_wconf 73' lang='grc' dir='ltr'>σὰ</span> <span class='ocrx_word' id='word_1_345' title='bbox 1243 447 1353 485; x_wconf 76' lang='grc' dir='ltr'>ὁρῶντες</span> <span class='ocrx_word' id='word_1_346' title='bbox 1362 467 1369 479; x_wconf 87' lang='grc'><strong>,</strong></span> <span class='ocrx_word' id='word_1_347' title='bbox 1385 446 1465 479; x_wconf 73' lang='grc' dir='ltr'>οὕτως</span> <span class='ocrx_word' id='word_1_348' title='bbox 1476 446 1572 485; x_wconf 61' lang='grc' dir='ltr'>ἇκριέἧ</span> <span class='ocrx_word' id='word_1_349' title='bbox 1586 450 1679 485; x_wconf 80' lang='grc' dir='ltr'>πεῖραν</span> <span class='ocrx_word' id='word_1_350' title='bbox 1694 445 1767 479; x_wconf 77' lang='grc' dir='ltr'>εἰλή-</span> 
     </span>
     <span class='ocr_line' id='line_1_56' title="bbox 999 492 1767 531; baseline -0.001 -12"><span class='ocrx_word' id='word_1_351' title='bbox 999 503 1095 530; x_wconf 64' lang='grc' dir='ltr'>φαμεν,</span> <span class='ocrx_word' id='word_1_352' title='bbox 1111 493 1163 519; x_wconf 81' lang='grc' dir='ltr'>τῶν</span> <span class='ocrx_word' id='word_1_353' title='bbox 1185 492 1282 520; x_wconf 79' lang='grc' dir='ltr'>ἐκεῖθεν</span> <span class='ocrx_word' id='word_1_354' title='bbox 1298 492 1491 530; x_wconf 58' lang='grc' dir='ltr'>ἀφικνουμένων</span> <span class='ocrx_word' id='word_1_355' title='bbox 1508 492 1572 531; x_wconf 76' lang='grc' dir='ltr'>πρὸς</span> <span class='ocrx_word' id='word_1_356' title='bbox 1591 494 1662 530; x_wconf 75' lang='grc' dir='ltr'>ἡμᾶς</span> <span class='ocrx_word' id='word_1_357' title='bbox 1682 492 1767 529; x_wconf 81' lang='grc' dir='ltr'>ἀπαγ-</span> 
     </span>
     <span class='ocr_line' id='line_1_57' title="bbox 998 537 1766 577; baseline -0.003 -11"><span class='ocrx_word' id='word_1_358' title='bbox 998 538 1143 576; x_wconf 86' lang='grc' dir='ltr'>γελλόντων</span> <span class='ocrx_word' id='word_1_359' title='bbox 1157 537 1217 577; x_wconf 76' lang='grc' dir='ltr'>περὶ</span> <span class='ocrx_word' id='word_1_360' title='bbox 1228 540 1274 572; x_wconf 78' lang='grc' dir='ltr'>τῆς</span> <span class='ocrx_word' id='word_1_361' title='bbox 1285 540 1333 572; x_wconf 78' lang='grc' dir='ltr'>σῆς</span> <span class='ocrx_word' id='word_1_362' title='bbox 1354 537 1494 575; x_wconf 80' lang='grc' dir='ltr'>ἐμμελείας</span> <span class='ocrx_word' id='word_1_363' title='bbox 1507 540 1590 566; x_wconf 76' lang='grc' dir='ltr'>ταῦτα</span> <span class='ocrx_word' id='word_1_364' title='bbox 1599 560 1606 573; x_wconf 83' lang='grc'><strong>,</strong></span> <span class='ocrx_word' id='word_1_365' title='bbox 1625 538 1692 576; x_wconf 83' lang='grc' dir='ltr'>ἅπερ</span> <span class='ocrx_word' id='word_1_366' title='bbox 1707 537 1766 565; x_wconf 82' lang='grc' dir='ltr'>ἐπε·</span> 
     </span>
     <span class='ocr_line' id='line_1_58' title="bbox 998 582 1764 621; baseline -0.003 -9"><span class='ocrx_word' id='word_1_367' title='bbox 998 586 1128 621; x_wconf 81' lang='grc' dir='ltr'>θυμοῦμεν</span> <span class='ocrx_word' id='word_1_368' title='bbox 1145 582 1292 621; x_wconf 70' lang='grc' dir='ltr'>μανθάνειν.</span> <span class='ocrx_word' id='word_1_369' title='bbox 1319 582 1370 611; x_wconf 71' lang='grc' dir='ltr'>Διὰ</span> <span class='ocrx_word' id='word_1_370' title='bbox 1393 583 1468 611; x_wconf 74' lang='grc' dir='ltr'>τοῦτό</span> <span class='ocrx_word' id='word_1_371' title='bbox 1492 595 1532 611; x_wconf 90' lang='grc' dir='ltr'>σοι</span> <span class='ocrx_word' id='word_1_372' title='bbox 1558 583 1670 621; x_wconf 84' lang='grc' dir='ltr'>χάριτας</span> <span class='ocrx_word' id='word_1_373' title='bbox 1688 583 1764 619; x_wconf 81' lang='grc' dir='ltr'>ἴσμεν</span> 
     </span>
     <span class='ocr_line' id='line_1_59' title="bbox 997 627 1767 667; baseline -0.004 -9"><span class='ocrx_word' id='word_1_374' title='bbox 997 629 1096 661; x_wconf 72' lang='grc' dir='ltr'>πολλὰς</span> <span class='ocrx_word' id='word_1_375' title='bbox 1115 628 1160 657; x_wconf 83' lang='grc' dir='ltr'>καὶ</span> <span class='ocrx_word' id='word_1_376' title='bbox 1175 628 1304 666; x_wconf 75' lang='grc' dir='ltr'>μεγάλας,</span> <span class='ocrx_word' id='word_1_377' title='bbox 1319 628 1363 656; x_wconf 76' lang='grc' dir='ltr'>καὶ</span> <span class='ocrx_word' id='word_1_378' title='bbox 1379 627 1571 667; x_wconf 63' lang='grc' dir='ltr'>Ξναὲρυνόμεθα</span> <span class='ocrx_word' id='word_1_379' title='bbox 1583 650 1591 664; x_wconf 87' lang='lat'>,</span> <span class='ocrx_word' id='word_1_380' title='bbox 1604 628 1650 656; x_wconf 76' lang='grc' dir='ltr'>καὶ</span> <span class='ocrx_word' id='word_1_381' title='bbox 1665 629 1767 656; x_wconf 87' lang='grc' dir='ltr'>καλλω-</span> 
     </span>
     <span class='ocr_line' id='line_1_60' title="bbox 997 673 1767 712; baseline -0.001 -9"><span class='ocrx_word' id='word_1_382' title='bbox 997 675 1124 712; x_wconf 81' lang='grc' dir='ltr'>πιζόμεθα</span> <span class='ocrx_word' id='word_1_383' title='bbox 1137 674 1181 702; x_wconf 79' lang='grc' dir='ltr'>ἐπὶ</span> <span class='ocrx_word' id='word_1_384' title='bbox 1194 676 1226 712; x_wconf 71' lang='grc' dir='ltr'>τῇ</span> <span class='ocrx_word' id='word_1_385' title='bbox 1242 674 1355 702; x_wconf 69' lang='grc' dir='ltr'>διαθέσει</span> <span class='ocrx_word' id='word_1_386' title='bbox 1369 676 1415 708; x_wconf 70' lang='grc' dir='ltr'>τῆς</span> <span class='ocrx_word' id='word_1_387' title='bbox 1430 674 1558 712; x_wconf 73' lang='grc' dir='ltr'>εὐγενείας</span> <span class='ocrx_word' id='word_1_388' title='bbox 1572 686 1618 703; x_wconf 88' lang='grc' dir='ltr'>σου</span> <span class='ocrx_word' id='word_1_389' title='bbox 1631 685 1637 691; x_wconf 88' lang='grc'><em>·</em></span> <span class='ocrx_word' id='word_1_390' title='bbox 1652 674 1697 702; x_wconf 76' lang='grc' dir='ltr'>καὶ</span> <span class='ocrx_word' id='word_1_391' title='bbox 1709 673 1767 705; x_wconf 74' lang='grc' dir='ltr'>τοὺς</span> 
     </span>
     <span class='ocr_line' id='line_1_61' title="bbox 998 719 1767 759; baseline -0.003 -11"><span class='ocrx_word' id='word_1_392' title='bbox 998 719 1162 758; x_wconf 70' lang='grc' dir='ltr'>ἀγαπήτοὺς,</span> <span class='ocrx_word' id='word_1_393' title='bbox 1179 720 1223 748; x_wconf 76' lang='grc' dir='ltr'>τὸν</span> <span class='ocrx_word' id='word_1_394' title='bbox 1239 719 1429 748; x_wconf 63' lang='grc' dir='ltr'>εὐλαέέστατον</span> <span class='ocrx_word' id='word_1_395' title='bbox 1443 719 1619 759; x_wconf 70' lang='grc' dir='ltr'>πρεσὸύτερον</span> <span class='ocrx_word' id='word_1_396' title='bbox 1633 719 1767 753; x_wconf 83' lang='grc' dir='ltr'>Ἰωάννην,</span> 
     </span>
     <span class='ocr_line' id='line_1_62' title="bbox 998 764 1770 803; baseline -0.001 -10"><span class='ocrx_word' id='word_1_397' title='bbox 998 766 1042 794; x_wconf 84' lang='grc' dir='ltr'>καὶ</span> <span class='ocrx_word' id='word_1_398' title='bbox 1064 765 1107 793; x_wconf 71' lang='grc' dir='ltr'>τὀν</span> <span class='ocrx_word' id='word_1_399' title='bbox 1127 765 1285 803; x_wconf 84' lang='grc' dir='ltr'>τιμιώτατον</span> <span class='ocrx_word' id='word_1_400' title='bbox 1301 765 1418 793; x_wconf 76' lang='grc' dir='ltr'>διάκονον</span> <span class='ocrx_word' id='word_1_401' title='bbox 1434 766 1540 793; x_wconf 73' lang='grc' dir='ltr'>Παῦλον</span> <span class='ocrx_word' id='word_1_402' title='bbox 1557 764 1770 803; x_wconf 80' lang='grc' dir='ltr'>παρακατατιθέ-</span> 
     </span>
     <span class='ocr_line' id='line_1_63' title="bbox 999 810 1766 849; baseline 0 -10"><span class='ocrx_word' id='word_1_403' title='bbox 999 811 1064 848; x_wconf 69' lang='grc' dir='ltr'>μεθα</span> <span class='ocrx_word' id='word_1_404' title='bbox 1079 823 1124 839; x_wconf 87' lang='grc' dir='ltr'>σου</span> <span class='ocrx_word' id='word_1_405' title='bbox 1138 814 1170 848; x_wconf 71' lang='grc' dir='ltr'>τῇ</span> <span class='ocrx_word' id='word_1_406' title='bbox 1184 810 1340 848; x_wconf 67' lang='grc' dir='ltr'>κοσμιότητι</span> <span class='ocrx_word' id='word_1_407' title='bbox 1354 833 1361 845; x_wconf 92' lang='grc'><em>,</em></span> <span class='ocrx_word' id='word_1_408' title='bbox 1379 813 1413 842; x_wconf 81' lang='grc' dir='ltr'>ὡς</span> <span class='ocrx_word' id='word_1_409' title='bbox 1436 812 1471 843; x_wconf 84' lang='grc' dir='ltr'>εἰς</span> <span class='ocrx_word' id='word_1_410' title='bbox 1486 811 1580 849; x_wconf 80' lang='grc' dir='ltr'>λιμένα</span> <span class='ocrx_word' id='word_1_411' title='bbox 1599 810 1646 843; x_wconf 79' lang='grc' dir='ltr'>τὰς</span> <span class='ocrx_word' id='word_1_412' title='bbox 1661 811 1707 843; x_wconf 75' lang='grc' dir='ltr'>σὰς</span> <span class='ocrx_word' id='word_1_413' title='bbox 1720 812 1766 839; x_wconf 79' lang='grc' dir='ltr'>αὖ·</span> 
     </span>
     <span class='ocr_line' id='line_1_64' title="bbox 997 856 1768 895; baseline 0 -11"><span class='ocrx_word' id='word_1_414' title='bbox 997 856 1056 889; x_wconf 77' lang='grc' dir='ltr'>τοὺς</span> <span class='ocrx_word' id='word_1_415' title='bbox 1079 857 1302 895; x_wconf 77' lang='grc' dir='ltr'>παραπέμποντες</span> <span class='ocrx_word' id='word_1_416' title='bbox 1315 861 1414 895; x_wconf 80' lang='grc' dir='ltr'>χεῖρας.</span> <span class='ocrx_word' id='word_1_417' title='bbox 1430 856 1505 885; x_wconf 77' lang='grc' dir='ltr'>Ἰδεῖν</span> <span class='ocrx_word' id='word_1_418' title='bbox 1520 856 1604 885; x_wconf 84' lang='grc' dir='ltr'>τοίνυν</span> <span class='ocrx_word' id='word_1_419' title='bbox 1628 856 1719 888; x_wconf 80' lang='grc' dir='ltr'>αὐτοὺς</span> <span class='ocrx_word' id='word_1_420' title='bbox 1733 857 1768 888; x_wconf 83' lang='grc' dir='ltr'>ὥς</span> 
     </span>
     <span class='ocr_line' id='line_1_65' title="bbox 997 902 1765 941; baseline 0 -11"><span class='ocrx_word' id='word_1_421' title='bbox 997 913 1038 930; x_wconf 90' lang='grc' dir='ltr'>σοι</span> <span class='ocrx_word' id='word_1_422' title='bbox 1052 902 1151 941; x_wconf 79' lang='grc' dir='ltr'>πρέπον</span> <span class='ocrx_word' id='word_1_423' title='bbox 1168 903 1238 937; x_wconf 75' lang='grc' dir='ltr'>ἐστὶ,</span> <span class='ocrx_word' id='word_1_424' title='bbox 1257 902 1381 930; x_wconf 75' lang='grc' dir='ltr'>δέσποινά</span> <span class='ocrx_word' id='word_1_425' title='bbox 1401 914 1449 939; x_wconf 85' lang='grc' dir='ltr'>μου</span> <span class='ocrx_word' id='word_1_426' title='bbox 1464 903 1612 941; x_wconf 78' lang='grc' dir='ltr'>τιμιωτάτη</span> <span class='ocrx_word' id='word_1_427' title='bbox 1630 902 1675 931; x_wconf 78' lang='grc' dir='ltr'>καὶ</span> <span class='ocrx_word' id='word_1_428' title='bbox 1692 903 1765 939; x_wconf 83' lang='grc' dir='ltr'>εὖγε-</span> 
     </span>
     <span class='ocr_line' id='line_1_66' title="bbox 998 943 1766 986; baseline -0.001 -10"><span class='ocrx_word' id='word_1_429' title='bbox 998 948 1124 983; x_wconf 50' lang='lat' dir='ltr'>vacek-4,</span> <span class='ocrx_word' id='word_1_430' title='bbox 1146 947 1340 986; x_wconf 78' lang='grc' dir='ltr'>παρακλήθητι.</span> <span class='ocrx_word' id='word_1_431' title='bbox 1364 943 1451 976; x_wconf 71' lang='grc' dir='ltr'>Οἶσθα</span> <span class='ocrx_word' id='word_1_432' title='bbox 1475 948 1536 986; x_wconf 78' lang='grc' dir='ltr'>γὰρ,</span> <span class='ocrx_word' id='word_1_433' title='bbox 1549 947 1607 980; x_wconf 74' lang='grc' dir='ltr'>ὅσος</span> <span class='ocrx_word' id='word_1_434' title='bbox 1629 948 1702 976; x_wconf 83' lang='grc' dir='ltr'>ἔσται</span> <span class='ocrx_word' id='word_1_435' title='bbox 1725 959 1766 976; x_wconf 88' lang='grc' dir='ltr'>σοι</span> 
     </span>
     <span class='ocr_line' id='line_1_67' title="bbox 998 992 1764 1032; baseline -0.001 -11"><span class='ocrx_word' id='word_1_436' title='bbox 998 995 1044 1027; x_wconf 68' lang='grc' dir='ltr'>τῆς</span> <span class='ocrx_word' id='word_1_437' title='bbox 1069 993 1257 1032; x_wconf 56' lang='grc' dir='ltr'>φιλοφροσύνης</span> <span class='ocrx_word' id='word_1_438' title='bbox 1279 992 1374 1026; x_wconf 66' lang='grc' dir='ltr'>ταύτης</span> <span class='ocrx_word' id='word_1_439' title='bbox 1389 994 1403 1020; x_wconf 84' lang='grc' dir='ltr'>ὁ</span> <span class='ocrx_word' id='word_1_440' title='bbox 1424 993 1523 1030; x_wconf 87' lang='grc' dir='ltr'>μισθός.</span> <span class='ocrx_word' id='word_1_441' title='bbox 1553 993 1604 1022; x_wconf 80' lang='grc' dir='ltr'>Καὶ</span> <span class='ocrx_word' id='word_1_442' title='bbox 1627 992 1706 1028; x_wconf 72' lang='grc' dir='ltr'>ἡνίκα</span> <span class='ocrx_word' id='word_1_443' title='bbox 1734 994 1764 1021; x_wconf 81' lang='grc' dir='ltr'>ἂν</span> 
     </span>
     <span class='ocr_line' id='line_1_68' title="bbox 998 1038 1766 1078; baseline -0.003 -10"><span class='ocrx_word' id='word_1_444' title='bbox 998 1039 1056 1077; x_wconf 76' lang='grc' dir='ltr'>ἐξῇ,</span> <span class='ocrx_word' id='word_1_445' title='bbox 1068 1039 1250 1078; x_wconf 70' lang='grc' dir='ltr'>συνεχέστερον</span> <span class='ocrx_word' id='word_1_446' title='bbox 1266 1041 1327 1076; x_wconf 72' lang='grc' dir='ltr'>ἡμῖν</span> <span class='ocrx_word' id='word_1_447' title='bbox 1348 1038 1426 1072; x_wconf 75' lang='grc' dir='ltr'>δήλου</span> <span class='ocrx_word' id='word_1_448' title='bbox 1441 1038 1474 1066; x_wconf 78' lang='grc' dir='ltr'>τὰ</span> <span class='ocrx_word' id='word_1_449' title='bbox 1488 1039 1548 1077; x_wconf 78' lang='grc' dir='ltr'>περὶ</span> <span class='ocrx_word' id='word_1_450' title='bbox 1560 1040 1607 1072; x_wconf 81' lang='grc' dir='ltr'>τ’ῆς</span> <span class='ocrx_word' id='word_1_451' title='bbox 1618 1038 1706 1077; x_wconf 80' lang='grc' dir='ltr'>ὑγείας</span> <span class='ocrx_word' id='word_1_452' title='bbox 1720 1041 1766 1073; x_wconf 65' lang='grc' dir='ltr'>τῆς</span> 
     </span>
     <span class='ocr_line' id='line_1_69' title="bbox 998 1081 1767 1123; baseline 0 -10"><span class='ocrx_word' id='word_1_453' title='bbox 998 1087 1046 1119; x_wconf 80' lang='grc' dir='ltr'>σ’ἧς</span> <span class='ocrx_word' id='word_1_454' title='bbox 1055 1108 1061 1120; x_wconf 87' lang='grc'><strong>,</strong></span> <span class='ocrx_word' id='word_1_455' title='bbox 1074 1085 1133 1123; x_wconf 86' lang='grc' dir='ltr'>περὶ</span> <span class='ocrx_word' id='word_1_456' title='bbox 1145 1081 1176 1119; x_wconf 60' lang='grc' dir='ltr'>ἧς</span> <span class='ocrx_word' id='word_1_457' title='bbox 1190 1084 1288 1123; x_wconf 67' lang='grc' dir='ltr'>σφόδρα</span> <span class='ocrx_word' id='word_1_458' title='bbox 1299 1084 1523 1123; x_wconf 74' lang='grc' dir='ltr'>περισπούδαστον</span> <span class='ocrx_word' id='word_1_459' title='bbox 1539 1087 1603 1123; x_wconf 78' lang='grc' dir='ltr'>ἡμῖν</span> <span class='ocrx_word' id='word_1_460' title='bbox 1618 1084 1767 1123; x_wconf 72' lang='grc' dir='ltr'>μανθάνειν,</span> 
     </span>
     <span class='ocr_line' id='line_1_70' title="bbox 1002 1129 1544 1169; baseline 0 -11"><span class='ocrx_word' id='word_1_461' title='bbox 1002 1130 1143 1169; x_wconf 72' lang='grc' dir='ltr'>ἐπειδήπερ</span> <span class='ocrx_word' id='word_1_462' title='bbox 1160 1130 1260 1169; x_wconf 60' lang='grc' dir='ltr'>σφόδρα</span> <span class='ocrx_word' id='word_1_463' title='bbox 1278 1131 1356 1164; x_wconf 64' lang='grc' dir='ltr'>αὐτῆς</span> <span class='ocrx_word' id='word_1_464' title='bbox 1371 1129 1544 1168; x_wconf 73' lang='grc' dir='ltr'>ἀντεχόμεθα.</span> 
     </span>
    </p>
   </div>
   <div class='ocr_carea' id='block_1_16' title="bbox 1136 1207 1636 1264">
    <p class='ocr_par' dir='ltr' id='par_1_16' title="bbox 1136 1207 1636 1264">
     <span class='ocr_line' id='line_1_71' title="bbox 1163 1207 1168 1215; baseline 0 0"><span class='ocrx_word' id='word_1_465' title='bbox 1163 1207 1168 1215; x_wconf 88' lang='grc'>.</span> 
     </span>
     <span class='ocr_line' id='line_1_72' title="bbox 1136 1223 1636 1264; baseline -0.004 -10"><span class='ocrx_word' id='word_1_466' title='bbox 1136 1225 1198 1264; x_wconf 83' lang='grc' dir='ltr'>ρξθ’.</span> <span class='ocrx_word' id='word_1_467' title='bbox 1210 1225 1355 1264; x_wconf 75' lang='grc' dir='ltr'>Ἰουλιανῇ,</span> <span class='ocrx_word' id='word_1_468' title='bbox 1369 1225 1413 1253; x_wconf 83' lang='grc' dir='ltr'>καὶ</span> <span class='ocrx_word' id='word_1_469' title='bbox 1430 1229 1487 1257; x_wconf 80' lang='grc' dir='ltr'>ταῖς</span> <span class='ocrx_word' id='word_1_470' title='bbox 1502 1223 1547 1252; x_wconf 78' lang='grc' dir='ltr'>σὺν</span> <span class='ocrx_word' id='word_1_471' title='bbox 1559 1224 1636 1262; x_wconf 73' lang='grc' dir='ltr'>αὐτῇ.</span> 
     </span>
    </p>
   </div>
   <div class='ocr_carea' id='block_1_17' title="bbox 994 1300 1768 1981">
    <p class='ocr_par' dir='ltr' id='par_1_17' title="bbox 994 1300 1768 1981">
     <span class='ocr_line' id='line_1_73' title="bbox 1038 1300 1764 1343; baseline -0.008 -10"><span class='ocrx_word' id='word_1_472' title='bbox 1038 1304 1115 1343; x_wconf 81' lang='grc' dir='ltr'>”Οσῳ</span> <span class='ocrx_word' id='word_1_473' title='bbox 1142 1303 1325 1342; x_wconf 80' lang='grc' dir='ltr'>χαλεπώτερον</span> <span class='ocrx_word' id='word_1_474' title='bbox 1351 1303 1381 1332; x_wconf 83' lang='grc' dir='ltr'>τὸ</span> <span class='ocrx_word' id='word_1_475' title='bbox 1407 1302 1490 1340; x_wconf 83' lang='grc' dir='ltr'>κρίμα</span> <span class='ocrx_word' id='word_1_476' title='bbox 1512 1301 1649 1340; x_wconf 80' lang='grc' dir='ltr'>γεγένηται</span> <span class='ocrx_word' id='word_1_477' title='bbox 1663 1305 1715 1333; x_wconf 87' lang='grc' dir='ltr'>τοῖς</span> <span class='ocrx_word' id='word_1_478' title='bbox 1732 1300 1764 1328; x_wconf 81' lang='grc' dir='ltr'>τὰ</span> 
     </span>
     <span class='ocr_line' id='line_1_74' title="bbox 998 1345 1765 1388; baseline -0.007 -10"><span class='ocrx_word' id='word_1_479' title='bbox 998 1353 1105 1379; x_wconf 74' lang='grc' dir='ltr'>τοιαῦτα</span> <span class='ocrx_word' id='word_1_480' title='bbox 1128 1348 1349 1388; x_wconf 65' lang='grc' dir='ltr'>παρανομήσαντι,</span> <span class='ocrx_word' id='word_1_481' title='bbox 1362 1348 1478 1386; x_wconf 80' lang='grc' dir='ltr'>τοσούτῳ</span> <span class='ocrx_word' id='word_1_482' title='bbox 1498 1347 1595 1375; x_wconf 84' lang='grc' dir='ltr'>πλείων</span> <span class='ocrx_word' id='word_1_483' title='bbox 1610 1349 1670 1384; x_wconf 81' lang='grc' dir='ltr'>ὑμῖν</span> <span class='ocrx_word' id='word_1_484' title='bbox 1692 1345 1765 1374; x_wconf 86' lang='grc' dir='ltr'>ἔσται</span> 
     </span>
     <span class='ocr_line' id='line_1_75' title="bbox 997 1392 1764 1434; baseline -0.005 -11"><span class='ocrx_word' id='word_1_485' title='bbox 997 1397 1010 1423; x_wconf 86' lang='grc' dir='ltr'>ὁ</span> <span class='ocrx_word' id='word_1_486' title='bbox 1026 1395 1115 1434; x_wconf 81' lang='grc' dir='ltr'>μισθὸς</span> <span class='ocrx_word' id='word_1_487' title='bbox 1126 1417 1133 1430; x_wconf 90' lang='grc'><strong><em>,</em></strong></span> <span class='ocrx_word' id='word_1_488' title='bbox 1152 1398 1206 1426; x_wconf 86' lang='grc' dir='ltr'>τοῖς</span> <span class='ocrx_word' id='word_1_489' title='bbox 1224 1393 1350 1425; x_wconf 84' lang='grc' dir='ltr'>τοσαύτας</span> <span class='ocrx_word' id='word_1_490' title='bbox 1364 1392 1529 1433; x_wconf 84' lang='grc' dir='ltr'>παρανομίας</span> <span class='ocrx_word' id='word_1_491' title='bbox 1549 1392 1617 1420; x_wconf 83' lang='grc' dir='ltr'>λύειν</span> <span class='ocrx_word' id='word_1_492' title='bbox 1633 1392 1764 1420; x_wconf 68' lang='grc' dir='ltr'>ἐσπουδα-</span> 
     </span>
     <span class='ocr_line' id='line_1_76' title="bbox 997 1437 1765 1476; baseline -0.004 -7"><span class='ocrx_word' id='word_1_493' title='bbox 997 1440 1072 1475; x_wconf 78' lang='grc' dir='ltr'>κόσι,</span> <span class='ocrx_word' id='word_1_494' title='bbox 1089 1440 1134 1469; x_wconf 83' lang='grc' dir='ltr'>καὶ</span> <span class='ocrx_word' id='word_1_495' title='bbox 1148 1442 1268 1468; x_wconf 78' lang='grc' dir='ltr'>τοσοῦτον</span> <span class='ocrx_word' id='word_1_496' title='bbox 1284 1438 1503 1476; x_wconf 76' lang='grc' dir='ltr'>ἐπιδεικνυμένοις</span> <span class='ocrx_word' id='word_1_497' title='bbox 1522 1438 1600 1466; x_wconf 82' lang='grc' dir='ltr'>πόνον</span> <span class='ocrx_word' id='word_1_498' title='bbox 1615 1437 1660 1466; x_wconf 80' lang='grc' dir='ltr'>καὶ</span> <span class='ocrx_word' id='word_1_499' title='bbox 1674 1437 1765 1476; x_wconf 82' lang='grc' dir='ltr'>κοίμα-</span> 
     </span>
     <span class='ocr_line' id='line_1_77' title="bbox 997 1483 1767 1524; baseline -0.004 -10"><span class='ocrx_word' id='word_1_500' title='bbox 997 1497 1049 1514; x_wconf 89' lang='grc' dir='ltr'>τον.</span> <span class='ocrx_word' id='word_1_501' title='bbox 1065 1486 1133 1514; x_wconf 69' lang='grc' dir='ltr'>Οὐδὲ</span> <span class='ocrx_word' id='word_1_502' title='bbox 1149 1485 1200 1524; x_wconf 73' lang='grc' dir='ltr'>γὰρ</span> <span class='ocrx_word' id='word_1_503' title='bbox 1221 1485 1311 1513; x_wconf 85' lang='grc' dir='ltr'>ἔλαθεν</span> <span class='ocrx_word' id='word_1_504' title='bbox 1326 1486 1396 1521; x_wconf 70' lang='grc' dir='ltr'>ἡμᾶς</span> <span class='ocrx_word' id='word_1_505' title='bbox 1410 1486 1456 1518; x_wconf 79' lang='grc' dir='ltr'>τῆς</span> <span class='ocrx_word' id='word_1_506' title='bbox 1480 1483 1608 1522; x_wconf 78' lang='grc' dir='ltr'>ὑμετέρας</span> <span class='ocrx_word' id='word_1_507' title='bbox 1627 1483 1767 1515; x_wconf 76' lang='grc' dir='ltr'>διαθέσεως</span> 
     </span>
     <span class='ocr_line' id='line_1_78' title="bbox 995 1528 1765 1567; baseline -0.005 -7"><span class='ocrx_word' id='word_1_508' title='bbox 995 1534 1011 1566; x_wconf 83' lang='grc' dir='ltr'>ἡ</span> <span class='ocrx_word' id='word_1_509' title='bbox 1024 1530 1138 1566; x_wconf 64' lang='grc' dir='ltr'>εὐποιία,</span> <span class='ocrx_word' id='word_1_510' title='bbox 1152 1531 1196 1559; x_wconf 85' lang='grc' dir='ltr'>καὶ</span> <span class='ocrx_word' id='word_1_511' title='bbox 1212 1532 1226 1564; x_wconf 73' lang='grc' dir='ltr'>ἡ</span> <span class='ocrx_word' id='word_1_512' title='bbox 1240 1529 1339 1564; x_wconf 71' lang='grc' dir='ltr'>σπουδὴ</span> <span class='ocrx_word' id='word_1_513' title='bbox 1350 1552 1357 1565; x_wconf 86' lang='grc'><em>,</em></span> <span class='ocrx_word' id='word_1_514' title='bbox 1374 1530 1406 1564; x_wconf 80' lang='grc' dir='ltr'>ἢν</span> <span class='ocrx_word' id='word_1_515' title='bbox 1418 1529 1462 1557; x_wconf 84' lang='grc' dir='ltr'>καὶ</span> <span class='ocrx_word' id='word_1_516' title='bbox 1477 1531 1514 1562; x_wconf 85' lang='grc' dir='ltr'>εἷς</span> <span class='ocrx_word' id='word_1_517' title='bbox 1529 1529 1576 1564; x_wconf 74' lang='grc' dir='ltr'>τὴν</span> <span class='ocrx_word' id='word_1_518' title='bbox 1589 1528 1765 1567; x_wconf 80' lang='grc' dir='ltr'>προκειμένην</span> 
     </span>
     <span class='ocr_line' id='line_1_79' title="bbox 994 1573 1764 1614; baseline -0.004 -9"><span class='ocrx_word' id='word_1_519' title='bbox 994 1577 1114 1605; x_wconf 82' lang='grc' dir='ltr'>ὑπόθεσιν</span> <span class='ocrx_word' id='word_1_520' title='bbox 1130 1575 1292 1609; x_wconf 68' lang='grc' dir='ltr'>ἐπεδείξασθε</span> <span class='ocrx_word' id='word_1_521' title='bbox 1303 1597 1310 1610; x_wconf 84' lang='lat'><strong>‚</strong></span> <span class='ocrx_word' id='word_1_522' title='bbox 1333 1575 1377 1603; x_wconf 77' lang='grc' dir='ltr'>καὶ</span> <span class='ocrx_word' id='word_1_523' title='bbox 1393 1575 1428 1607; x_wconf 85' lang='grc' dir='ltr'>εἷς</span> <span class='ocrx_word' id='word_1_524' title='bbox 1445 1574 1492 1609; x_wconf 79' lang='grc' dir='ltr'>τὴν</span> <span class='ocrx_word' id='word_1_525' title='bbox 1508 1573 1696 1614; x_wconf 82' lang='grc' dir='ltr'>φιλοφροσύνην</span> <span class='ocrx_word' id='word_1_526' title='bbox 1712 1575 1764 1602; x_wconf 78' lang='grc' dir='ltr'>τῶν</span> 
     </span>
     <span class='ocr_line' id='line_1_80' title="bbox 995 1619 1765 1662; baseline -0.005 -11"><span class='ocrx_word' id='word_1_527' title='bbox 995 1624 1057 1662; x_wconf 88' lang='grc' dir='ltr'>παρ’</span> <span class='ocrx_word' id='word_1_528' title='bbox 1074 1624 1149 1660; x_wconf 78' lang='grc' dir='ltr'>ἡμῶν</span> <span class='ocrx_word' id='word_1_529' title='bbox 1165 1622 1249 1650; x_wconf 77' lang='grc' dir='ltr'>ἐκεῖσε</span> <span class='ocrx_word' id='word_1_530' title='bbox 1271 1620 1433 1659; x_wconf 64' lang='grc' dir='ltr'>ἀφιγμένων.</span> <span class='ocrx_word' id='word_1_531' title='bbox 1450 1619 1498 1648; x_wconf 79' lang='grc' dir='ltr'>Διὸ</span> <span class='ocrx_word' id='word_1_532' title='bbox 1522 1619 1566 1648; x_wconf 74' lang='grc' dir='ltr'>καὶ</span> <span class='ocrx_word' id='word_1_533' title='bbox 1579 1619 1690 1658; x_wconf 80' lang='grc' dir='ltr'>χάριτας</span> <span class='ocrx_word' id='word_1_534' title='bbox 1704 1621 1765 1657; x_wconf 75' lang='grc' dir='ltr'>ὑμῖν</span> 
     </span>
     <span class='ocr_line' id='line_1_81' title="bbox 994 1664 1765 1707; baseline -0.004 -11"><span class='ocrx_word' id='word_1_535' title='bbox 994 1669 1100 1707; x_wconf 78' lang='grc' dir='ltr'>ἔχομεν,</span> <span class='ocrx_word' id='word_1_536' title='bbox 1125 1667 1169 1696; x_wconf 70' lang='grc' dir='ltr'>καὶ</span> <span class='ocrx_word' id='word_1_537' title='bbox 1188 1667 1394 1706; x_wconf 76' lang='grc' dir='ltr'>παρακαλοῦμεν</span> <span class='ocrx_word' id='word_1_538' title='bbox 1409 1667 1442 1703; x_wconf 81' lang='grc' dir='ltr'>τῇ</span> <span class='ocrx_word' id='word_1_539' title='bbox 1466 1666 1531 1703; x_wconf 70' lang='grc' dir='ltr'>αὐτῇ</span> <span class='ocrx_word' id='word_1_540' title='bbox 1552 1664 1685 1702; x_wconf 80' lang='grc' dir='ltr'>ἐπιμένειν</span> <span class='ocrx_word' id='word_1_541' title='bbox 1700 1676 1765 1704; x_wconf 86' lang='grc' dir='ltr'>προ-</span> 
     </span>
     <span class='ocr_line' id='line_1_82' title="bbox 996 1709 1766 1752; baseline -0.004 -10"><span class='ocrx_word' id='word_1_542' title='bbox 996 1714 1091 1752; x_wconf 72' lang='grc' dir='ltr'>θυμία,</span> <span class='ocrx_word' id='word_1_543' title='bbox 1110 1713 1155 1741; x_wconf 83' lang='grc' dir='ltr'>καὶ</span> <span class='ocrx_word' id='word_1_544' title='bbox 1175 1711 1401 1751; x_wconf 66' lang='grc' dir='ltr'>ἐρρωμενεστέραν</span> <span class='ocrx_word' id='word_1_545' title='bbox 1416 1709 1593 1743; x_wconf 77' lang='grc' dir='ltr'>ἐπιδείξασθαι</span> <span class='ocrx_word' id='word_1_546' title='bbox 1610 1710 1727 1739; x_wconf 77' lang='grc' dir='ltr'>εὐτονίαν</span> <span class='ocrx_word' id='word_1_547' title='bbox 1737 1722 1766 1739; x_wconf 85' lang='grc' dir='ltr'>τε</span> 
     </span>
     <span class='ocr_line' id='line_1_83' title="bbox 997 1755 1768 1798; baseline -0.004 -10"><span class='ocrx_word' id='word_1_548' title='bbox 997 1760 1041 1788; x_wconf 84' lang='grc' dir='ltr'>καὶ</span> <span class='ocrx_word' id='word_1_549' title='bbox 1056 1758 1185 1798; x_wconf 80' lang='grc' dir='ltr'>ἀνδρείαν.</span> <span class='ocrx_word' id='word_1_550' title='bbox 1201 1757 1272 1786; x_wconf 81' lang='grc' dir='ltr'>Ἴστε</span> <span class='ocrx_word' id='word_1_551' title='bbox 1287 1756 1337 1794; x_wconf 76' lang='grc' dir='ltr'>γὰρ</span> <span class='ocrx_word' id='word_1_552' title='bbox 1349 1755 1440 1790; x_wconf 83' lang='grc' dir='ltr'>ἡλίκον</span> <span class='ocrx_word' id='word_1_553' title='bbox 1460 1758 1506 1783; x_wconf 72' lang='grc' dir='ltr'>τοῦ</span> <span class='ocrx_word' id='word_1_554' title='bbox 1524 1755 1727 1794; x_wconf 82' lang='grc' dir='ltr'>κατορθώματος</span> <span class='ocrx_word' id='word_1_555' title='bbox 1738 1757 1768 1785; x_wconf 80' lang='grc' dir='ltr'>τὸ</span> 
     </span>
     <span class='ocr_line' id='line_1_84' title="bbox 998 1801 1766 1843; baseline -0.007 -9"><span class='ocrx_word' id='word_1_556' title='bbox 998 1805 1104 1843; x_wconf 80' lang='grc' dir='ltr'>μέγεθος</span> <span class='ocrx_word' id='word_1_557' title='bbox 1115 1827 1122 1840; x_wconf 90' lang='grc'><strong>,</strong></span> <span class='ocrx_word' id='word_1_558' title='bbox 1138 1803 1182 1832; x_wconf 83' lang='grc' dir='ltr'>καὶ</span> <span class='ocrx_word' id='word_1_559' title='bbox 1196 1802 1255 1832; x_wconf 77' lang='grc' dir='ltr'>ὅσον</span> <span class='ocrx_word' id='word_1_560' title='bbox 1270 1802 1383 1840; x_wconf 77' lang='grc' dir='ltr'>λήψεσθε</span> <span class='ocrx_word' id='word_1_561' title='bbox 1399 1801 1442 1830; x_wconf 81' lang='grc' dir='ltr'>τὸν</span> <span class='ocrx_word' id='word_1_562' title='bbox 1459 1802 1560 1839; x_wconf 78' lang='grc' dir='ltr'>μισθὸν,</span> <span class='ocrx_word' id='word_1_563' title='bbox 1575 1802 1702 1837; x_wconf 80' lang='grc' dir='ltr'>τοσαύτην</span> <span class='ocrx_word' id='word_1_564' title='bbox 1717 1814 1766 1830; x_wconf 90' lang='grc' dir='ltr'>τα-</span> 
     </span>
     <span class='ocr_line' id='line_1_85' title="bbox 1000 1843 1766 1889; baseline -0.007 -10"><span class='ocrx_word' id='word_1_565' title='bbox 1000 1850 1094 1889; x_wconf 81' lang='grc' dir='ltr'>ραχὴν,</span> <span class='ocrx_word' id='word_1_566' title='bbox 1106 1849 1150 1878; x_wconf 75' lang='grc' dir='ltr'>καὶ</span> <span class='ocrx_word' id='word_1_567' title='bbox 1165 1848 1232 1877; x_wconf 78' lang='grc' dir='ltr'>οὕτω</span> <span class='ocrx_word' id='word_1_568' title='bbox 1248 1847 1353 1884; x_wconf 84' lang='grc' dir='ltr'>κύματα</span> <span class='ocrx_word' id='word_1_569' title='bbox 1366 1847 1444 1886; x_wconf 81' lang='grc' dir='ltr'>ἄγρια</span> <span class='ocrx_word' id='word_1_570' title='bbox 1456 1870 1463 1883; x_wconf 84' lang='grc'>,</span> <span class='ocrx_word' id='word_1_571' title='bbox 1479 1847 1508 1876; x_wconf 87' lang='grc' dir='ltr'>τό</span> <span class='ocrx_word' id='word_1_572' title='bbox 1522 1859 1551 1885; x_wconf 88' lang='grc' dir='ltr'>γε</span> <span class='ocrx_word' id='word_1_573' title='bbox 1564 1848 1598 1879; x_wconf 87' lang='grc' dir='ltr'>εἷς</span> <span class='ocrx_word' id='word_1_574' title='bbox 1613 1849 1680 1885; x_wconf 76' lang='grc' dir='ltr'>ὑμᾶς</span> <span class='ocrx_word' id='word_1_575' title='bbox 1693 1843 1766 1882; x_wconf 68' lang='grc' dir='ltr'>ἧκον,</span> 
     </span>
     <span class='ocr_line' id='line_1_86' title="bbox 998 1892 1766 1932; baseline -0.005 -8"><span class='ocrx_word' id='word_1_576' title='bbox 998 1895 1238 1927; x_wconf 83' lang='grc' dir='ltr'>καταστέλλουσαι,</span> <span class='ocrx_word' id='word_1_577' title='bbox 1264 1893 1308 1922; x_wconf 81' lang='grc' dir='ltr'>καὶ</span> <span class='ocrx_word' id='word_1_578' title='bbox 1331 1892 1378 1928; x_wconf 79' lang='grc' dir='ltr'>τὴν</span> <span class='ocrx_word' id='word_1_579' title='bbox 1392 1892 1574 1932; x_wconf 83' lang='grc' dir='ltr'>προσήκουσαν</span> <span class='ocrx_word' id='word_1_580' title='bbox 1591 1894 1626 1926; x_wconf 82' lang='grc' dir='ltr'>εἷς</span> <span class='ocrx_word' id='word_1_581' title='bbox 1648 1892 1695 1929; x_wconf 85' lang='grc' dir='ltr'>τὴν</span> <span class='ocrx_word' id='word_1_582' title='bbox 1715 1895 1766 1921; x_wconf 82' lang='grc' dir='ltr'>τῶν</span> 
     </span>
     <span class='ocr_line' id='line_1_87' title="bbox 998 1938 1614 1981; baseline -0.006 -10"><span class='ocrx_word' id='word_1_583' title='bbox 998 1941 1177 1981; x_wconf 83' lang='grc' dir='ltr'>γεγενημένων</span> <span class='ocrx_word' id='word_1_584' title='bbox 1192 1941 1280 1969; x_wconf 80' lang='grc' dir='ltr'>κακῶν</span> <span class='ocrx_word' id='word_1_585' title='bbox 1295 1938 1458 1978; x_wconf 78' lang='grc' dir='ltr'>εἰσφέρουσαι</span> <span class='ocrx_word' id='word_1_586' title='bbox 1471 1938 1614 1979; x_wconf 86' lang='grc' dir='ltr'>διόρθωσιν.</span> 
     </span>
    </p>
   </div>
   <div class='ocr_carea' id='block_1_18' title="bbox 1280 2109 1481 2148">
    <p class='ocr_par' dir='ltr' id='par_1_18' title="bbox 1280 2109 1481 2148">
     <span class='ocr_line' id='line_1_88' title="bbox 1280 2109 1481 2148; baseline -0.005 -10"><span class='ocrx_word' id='word_1_587' title='bbox 1280 2109 1326 2148; x_wconf 74' lang='grc' dir='ltr'>ρο’.</span> <span class='ocrx_word' id='word_1_588' title='bbox 1351 2109 1481 2147; x_wconf 76' lang='grc' dir='ltr'>Ἰταλικῇ.</span> 
     </span>
    </p>
   </div>
   <div class='ocr_carea' id='block_1_19' title="bbox 1000 2191 1770 2550">
    <p class='ocr_par' dir='ltr' id='par_1_19' title="bbox 1000 2191 1770 2550">
     <span class='ocr_line' id='line_1_89' title="bbox 1040 2191 1770 2232; baseline -0.005 -8"><span class='ocrx_word' id='word_1_589' title='bbox 1040 2195 1104 2225; x_wconf 82' lang='grc' dir='ltr'>Ἐπὶ</span> <span class='ocrx_word' id='word_1_590' title='bbox 1127 2194 1174 2232; x_wconf 76' lang='grc' dir='ltr'>μὲν</span> <span class='ocrx_word' id='word_1_591' title='bbox 1195 2195 1246 2222; x_wconf 79' lang='grc' dir='ltr'>τῶν</span> <span class='ocrx_word' id='word_1_592' title='bbox 1261 2192 1354 2222; x_wconf 51' lang='grc' dir='ltr'>ἔξωθεν</span> <span class='ocrx_word' id='word_1_593' title='bbox 1376 2191 1550 2232; x_wconf 77' lang='grc' dir='ltr'>πραγμάτων,</span> <span class='ocrx_word' id='word_1_594' title='bbox 1564 2191 1654 2230; x_wconf 83' lang='grc' dir='ltr'>ὥσπερ</span> <span class='ocrx_word' id='word_1_595' title='bbox 1667 2193 1699 2230; x_wconf 85' lang='grc' dir='ltr'>τῇ</span> <span class='ocrx_word' id='word_1_596' title='bbox 1721 2191 1770 2230; x_wconf 74' lang='grc' dir='ltr'>φύ-</span> 
     </span>
     <span class='ocr_line' id='line_1_90' title="bbox 1001 2236 1766 2278; baseline -0.008 -7"><span class='ocrx_word' id='word_1_597' title='bbox 1001 2254 1056 2278; x_wconf 84' lang='grc' dir='ltr'>σει,</span> <span class='ocrx_word' id='word_1_598' title='bbox 1070 2240 1138 2270; x_wconf 74' lang='grc' dir='ltr'>οὕτω</span> <span class='ocrx_word' id='word_1_599' title='bbox 1153 2240 1198 2269; x_wconf 82' lang='grc' dir='ltr'>καὶ</span> <span class='ocrx_word' id='word_1_600' title='bbox 1213 2241 1245 2277; x_wconf 73' lang='grc' dir='ltr'>τῇ</span> <span class='ocrx_word' id='word_1_601' title='bbox 1261 2238 1354 2278; x_wconf 83' lang='grc' dir='ltr'>πράξει</span> <span class='ocrx_word' id='word_1_602' title='bbox 1366 2237 1411 2266; x_wconf 85' lang='grc' dir='ltr'>καὶ</span> <span class='ocrx_word' id='word_1_603' title='bbox 1426 2240 1459 2277; x_wconf 78' lang='grc' dir='ltr'>τῇ</span> <span class='ocrx_word' id='word_1_604' title='bbox 1479 2236 1657 2277; x_wconf 84' lang='grc' dir='ltr'>μεταχειρίσει</span> <span class='ocrx_word' id='word_1_605' title='bbox 1671 2237 1766 2277; x_wconf 77' lang='grc' dir='ltr'>διῄρη-</span> 
     </span>
     <span class='ocr_line' id='line_1_91' title="bbox 1000 2283 1767 2324; baseline -0.007 -8"><span class='ocrx_word' id='word_1_606' title='bbox 1000 2299 1044 2317; x_wconf 87' lang='grc' dir='ltr'>ται</span> <span class='ocrx_word' id='word_1_607' title='bbox 1055 2290 1137 2316; x_wconf 75' lang='grc' dir='ltr'>ταῦτα</span> <span class='ocrx_word' id='word_1_608' title='bbox 1150 2286 1182 2315; x_wconf 72' lang='grc' dir='ltr'>τὰ</span> <span class='ocrx_word' id='word_1_609' title='bbox 1196 2286 1274 2324; x_wconf 85' lang='grc' dir='ltr'>γε’νη,</span> <span class='ocrx_word' id='word_1_610' title='bbox 1291 2284 1356 2323; x_wconf 79' lang='grc' dir='ltr'>ἀνὴρ</span> <span class='ocrx_word' id='word_1_611' title='bbox 1371 2283 1440 2322; x_wconf 77' lang='grc' dir='ltr'>λέγω</span> <span class='ocrx_word' id='word_1_612' title='bbox 1452 2284 1496 2312; x_wconf 77' lang='grc' dir='ltr'>καὶ</span> <span class='ocrx_word' id='word_1_613' title='bbox 1510 2283 1584 2322; x_wconf 81' lang='grc' dir='ltr'>γυνή.</span> <span class='ocrx_word' id='word_1_614' title='bbox 1601 2284 1643 2322; x_wconf 83' lang='grc' dir='ltr'>Τῇ</span> <span class='ocrx_word' id='word_1_615' title='bbox 1657 2283 1704 2321; x_wconf 87' lang='grc' dir='ltr'>μὲν</span> <span class='ocrx_word' id='word_1_616' title='bbox 1715 2283 1767 2322; x_wconf 87' lang='grc' dir='ltr'>γὰρ</span> 
     </span>
     <span class='ocr_line' id='line_1_92' title="bbox 1003 2328 1766 2372; baseline -0.007 -10"><span class='ocrx_word' id='word_1_617' title='bbox 1003 2335 1128 2372; x_wconf 78' lang='grc' dir='ltr'>οἰκουρεῖν</span> <span class='ocrx_word' id='word_1_618' title='bbox 1141 2332 1290 2369; x_wconf 83' lang='grc' dir='ltr'>νενόμισται</span> <span class='ocrx_word' id='word_1_619' title='bbox 1300 2353 1308 2365; x_wconf 88' lang='grc'>,</span> <span class='ocrx_word' id='word_1_620' title='bbox 1318 2332 1355 2370; x_wconf 83' lang='grc' dir='ltr'>τῷ</span> <span class='ocrx_word' id='word_1_621' title='bbox 1367 2329 1393 2358; x_wconf 74' lang='grc' dir='ltr'>δὲ</span> <span class='ocrx_word' id='word_1_622' title='bbox 1404 2331 1456 2358; x_wconf 83' lang='grc' dir='ltr'>τῶν</span> <span class='ocrx_word' id='word_1_623' title='bbox 1467 2329 1608 2357; x_wconf 80' lang='grc' dir='ltr'>πολιτικῶν</span> <span class='ocrx_word' id='word_1_624' title='bbox 1624 2328 1668 2356; x_wconf 84' lang='grc' dir='ltr'>καὶ</span> <span class='ocrx_word' id='word_1_625' title='bbox 1678 2330 1729 2357; x_wconf 81' lang='grc' dir='ltr'>τῶν</span> <span class='ocrx_word' id='word_1_626' title='bbox 1740 2329 1766 2357; x_wconf 81' lang='grc' dir='ltr'>ἔν</span> 
     </span>
     <span class='ocr_line' id='line_1_93' title="bbox 1004 2374 1768 2419; baseline -0.009 -11"><span class='ocrx_word' id='word_1_627' title='bbox 1004 2382 1086 2419; x_wconf 71' lang='grc' dir='ltr'>ἀγορᾷ</span> <span class='ocrx_word' id='word_1_628' title='bbox 1098 2378 1261 2418; x_wconf 69' lang='grc' dir='ltr'>πραγμάτιον</span> <span class='ocrx_word' id='word_1_629' title='bbox 1282 2377 1421 2404; x_wconf 81' lang='grc' dir='ltr'>ἅπτεσθαι.</span> <span class='ocrx_word' id='word_1_630' title='bbox 1438 2374 1502 2403; x_wconf 79' lang='grc' dir='ltr'>Ἐπὶ</span> <span class='ocrx_word' id='word_1_631' title='bbox 1524 2374 1550 2403; x_wconf 76' lang='grc' dir='ltr'>δὲ</span> <span class='ocrx_word' id='word_1_632' title='bbox 1571 2376 1622 2402; x_wconf 82' lang='grc' dir='ltr'>τῶν</span> <span class='ocrx_word' id='word_1_633' title='bbox 1639 2377 1684 2402; x_wconf 78' lang='grc' dir='ltr'>τοῦ</span> <span class='ocrx_word' id='word_1_634' title='bbox 1697 2375 1768 2402; x_wconf 67' lang='grc' dir='ltr'>Θεοῦ</span> 
     </span>
     <span class='ocr_line' id='line_1_94' title="bbox 1003 2419 1768 2462; baseline -0.007 -10"><span class='ocrx_word' id='word_1_635' title='bbox 1003 2424 1119 2462; x_wconf 81' lang='grc' dir='ltr'>ἀγώνων,</span> <span class='ocrx_word' id='word_1_636' title='bbox 1134 2424 1178 2452; x_wconf 79' lang='grc' dir='ltr'>καὶ</span> <span class='ocrx_word' id='word_1_637' title='bbox 1192 2425 1242 2451; x_wconf 81' lang='grc' dir='ltr'>τῶν</span> <span class='ocrx_word' id='word_1_638' title='bbox 1258 2421 1322 2460; x_wconf 74' lang='grc' dir='ltr'>ὑπὲρ</span> <span class='ocrx_word' id='word_1_639' title='bbox 1336 2422 1382 2455; x_wconf 67' lang='grc' dir='ltr'>τῆς</span> <span class='ocrx_word' id='word_1_640' title='bbox 1397 2419 1557 2455; x_wconf 82' lang='grc' dir='ltr'>Ἔκκλησίας</span> <span class='ocrx_word' id='word_1_641' title='bbox 1571 2419 1656 2448; x_wconf 86' lang='grc' dir='ltr'>πόνων</span> <span class='ocrx_word' id='word_1_642' title='bbox 1671 2421 1716 2448; x_wconf 77' lang='grc' dir='ltr'>οὐκ</span> <span class='ocrx_word' id='word_1_643' title='bbox 1731 2420 1768 2448; x_wconf 81' lang='grc' dir='ltr'>ἔνι</span> 
     </span>
     <span class='ocr_line' id='line_1_95' title="bbox 1002 2465 1767 2506; baseline -0.008 -8"><span class='ocrx_word' id='word_1_644' title='bbox 1002 2473 1090 2506; x_wconf 78' lang='grc' dir='ltr'>τοῦτο,</span> <span class='ocrx_word' id='word_1_645' title='bbox 1112 2470 1170 2497; x_wconf 82' lang='grc' dir='ltr'>ἀλλ’</span> <span class='ocrx_word' id='word_1_646' title='bbox 1192 2468 1247 2497; x_wconf 84' lang='grc' dir='ltr'>ἔστι</span> <span class='ocrx_word' id='word_1_647' title='bbox 1262 2467 1307 2496; x_wconf 74' lang='grc' dir='ltr'>καὶ</span> <span class='ocrx_word' id='word_1_648' title='bbox 1320 2470 1431 2505; x_wconf 84' lang='grc' dir='ltr'>γυναῖκα</span> <span class='ocrx_word' id='word_1_649' title='bbox 1444 2465 1535 2504; x_wconf 76' lang='grc' dir='ltr'>ἀνδρὸς</span> <span class='ocrx_word' id='word_1_650' title='bbox 1546 2465 1767 2504; x_wconf 77' lang='grc' dir='ltr'>ἐρρωμενέστερον</span> 
     </span>
     <span class='ocr_line' id='line_1_96' title="bbox 1003 2510 1766 2550; baseline -0.005 -6"><span class='ocrx_word' id='word_1_651' title='bbox 1003 2517 1052 2544; x_wconf 81' lang='grc' dir='ltr'>τῶν</span> <span class='ocrx_word' id='word_1_652' title='bbox 1070 2517 1156 2544; x_wconf 75' lang='grc' dir='ltr'>καλῶν</span> <span class='ocrx_word' id='word_1_653' title='bbox 1183 2513 1279 2542; x_wconf 77' lang='grc' dir='ltr'>τούτων</span> <span class='ocrx_word' id='word_1_654' title='bbox 1300 2512 1452 2550; x_wconf 75' lang='grc' dir='ltr'>ἀντέχεσθαι</span> <span class='ocrx_word' id='word_1_655' title='bbox 1474 2510 1581 2549; x_wconf 72' lang='grc' dir='ltr'>ἀγώνων</span> <span class='ocrx_word' id='word_1_656' title='bbox 1604 2511 1648 2540; x_wconf 74' lang='grc' dir='ltr'>καὶ</span> <span class='ocrx_word' id='word_1_657' title='bbox 1672 2510 1766 2540; x_wconf 85' lang='grc' dir='ltr'>πόνων.</span> 
     </span>
    </p>
   </div>
  </div>
 </body>
</html>
