1840 2839
470 180 514 202 An
542 180 601 203 Eos
627 180 680 209 QUI
709 180 951 203 smNnAmzATt
981 180 1077 203 SUNT.

114 245 137 273 οἱ
154 241 394 284 παρεσκευασμένοι
406 241 450 270 καὶ
461 243 594 281 γενόμενοι
605 242 670 281 πρὸς
683 245 759 271 τοῦτο
773 242 882 280 ἕτοιμοι,

115 290 257 329 μαρτυρίου
275 288 398 327 στέφανον
414 287 583 323 ἀνεδήσαντο,
598 288 674 316 τοῦτο’
690 300 718 316 τε
742 288 804 316 αὐτὸ
816 311 823 323 ,
839 287 882 316 καὶ

114 335 127 363 ὃ
149 335 274 375 πρότερον
290 333 395 372 εἴρηκα,
413 332 451 361 ὅτι
472 335 485 361 ὁ
505 333 570 372 ὑπὲρ
595 333 738 362 ἐλαττόνων
763 333 881 371 σφαγεὶς,

114 380 211 419 μάρτυς
233 379 301 408 ἐστὶν
318 377 524 417 οἱπηρτισμένος,
539 379 592 407 ἀπὸ
613 380 659 412 τῆς
674 378 782 407 Παύλου
797 380 883 417 φωνῆς

113 425 247 458 ἀποδεῖξαι
263 427 339 453 τοῦτο
355 423 524 463 πειράσομαι.
540 423 694 462 ’Λρξάμενος
714 424 764 463 γὰρ
781 426 882 462 ἀπαρι-

113 473 234 509 θμεῖσθαι
250 469 309 502 τοὺς
323 469 366 498 ἐπὶ
381 472 432 497 τῶν
444 469 577 507 προγόνων
599 469 754 508 λάμψαντας
768 472 781 498 ὁ
797 470 882 506 μακά-

115 527 168 556 ριος
185 516 300 550 Παῦλος,
322 515 366 543 καὶ
382 514 428 550 τὴν
450 515 534 553 ἀρχὴν
550 516 601 544 ἀπὸ
616 518 659 544 τοῦ
675 515 752 544 'Aca
768 516 882 550 ποιησά-

115 573 200 600 μενος,
223 556 277 589 εἶτα
301 560 434 599 προελθὼν
461 562 497 593 εἷς
518 561 561 589 τὸν
584 562 658 595 Νῶε,
681 560 724 589 τὸν
753 560 882 599 Ἇῧραὰμ,

113 607 157 636 τὸν
179 606 282 641 Ἰσαὰκ,
302 606 344 634 τὸν
371 606 477 641 Ἰακὼί,
502 606 544 634 τὸν
568 606 693 642 Mamaea,
708 606 751 635 τὸν
772 606 882 641 Ἰησοῦν,

112 651 157 680 τὸν
171 651 263 686 Δαυὶδ,
275 651 318 680 τὸν
334 651 471 689 Σαμουὴλ,
482 651 526 681 τὸν
544 651 647 687 Ἠλίαν,
664 652 706 680 τὸν
723 651 884 688 Ἐλισσαῖον,

113 697 157 726 τὸν
171 696 247 732 Ἰὼῧ,
263 697 380 735 ἐπήγαγε
396 696 479 735 λέγων
494 709 499 714 ·
514 698 660 735 Τοιγαροῦν
677 696 722 725 καὶ
740 699 817 734 ἡμεῖς
837 708 884 725 το-

115 745 205 772 σοῦτον
227 742 329 781 ἔχοντες
351 741 532 782 περικείμενον
555 744 619 779 ἡμῖν
643 741 717 780 νέφος
737 742 885 782 μαρτύρων.

114 789 239 828 Καίτοιγε
256 790 284 817 οὐ
296 788 391 821 πάντες
406 788 556 826 ἐσφάγησαν
572 783 657 823 οὗτοι,
672 788 770 825 μᾶλλον
786 787 813 816 δὲ
830 787 886 816 οὐδὲ

115 829 165 869 εἷς,
177 833 246 869 πλὴν
261 835 328 862 δυοῖν
341 833 358 867 ἢ
375 834 466 873 τριῶν,
482 835 527 861 τοῦ
538 832 617 861 ”Mel
629 832 674 860 καὶ
688 835 732 861 τοῦ
749 833 870 862 Ἰωάννου
879 844 886 850 ·

114 879 139 906 οἱ
153 878 180 908 δὲ
190 879 265 907 ἄλλοι
277 878 372 910 πάντες
383 878 467 918 οἰκείᾳ
479 879 588 916 τελευτῇ
600 879 644 907 τὸν
661 878 716 917 βίον
730 878 885 908 κατέλυσαν.

115 924 168 952 Καὶ
190 923 312 959 Ἰωάννης
327 924 353 952 δὲ
369 924 445 956 αὐτὸς
467 925 495 953 οὐ
520 926 596 952 θῦσαι
616 924 763 957 κελευσθεὶς
783 924 828 952 καὶ
849 924 886 962 μὴ

114 969 322 1007 καταδεξάμενος
342 969 525 1009 ἐσφάγηζεῦδὲ
545 971 581 1002 εἷς
606 970 694 1008 βωμὸν
711 970 808 1008 ἀχθεὶς,
830 968 887 998 οὐδὲ

114 1015 179 1054 πρὸς
202 1014 306 1044 εἴδωλον
336 1015 486 1051 ἑλκυσθεὶς,
510 1016 568 1044 ἀλλ’
597 1015 663 1054 ὑπὲρ
686 1015 801 1054 ῥήματος
823 1014 886 1046 ἑνός.

116 1059 227 1095 Ἐπειδὴ
238 1059 290 1098 γὰρ
311 1055 366 1088 εἶπε
379 1062 416 1098 τῷ
431 1059 538 1099 ἹΙρώδη
549 1083 556 1095 ,
576 1061 633 1089 Οὐκ
657 1059 740 1093 ἔξεστί
762 1072 803 1089 σοι
817 1060 887 1098 ἔχειν

115 1105 164 1140 τὴν
183 1110 295 1144 γυναῖκα
309 1106 447 1134 Φιλίππου
464 1108 509 1134 τοῦ
530 1106 642 1145 ἀδελφοῦ
654 1117 710 1139 σου,
732 1105 777 1134 καὶ
795 1106 825 1134 τὸ
847 1107 887 1134 δε-

115 1150 266 1190 σμωτήριον
279 1150 376 1190 ᾤκησε,
391 1151 435 1179 καὶ
450 1151 497 1186 τὴν
513 1151 616 1190 σφαγὴν
628 1151 727 1185 ἐκείνην
740 1151 887 1190 ὓπέμεινεν.

116 1197 150 1225 Εἰ
164 1197 190 1226 δὲ
205 1199 218 1225 ὁ
237 1196 321 1235 γάμον
336 1196 567 1235 παρανομούμενον
587 1196 740 1232 ἐκδικήσας,
756 1197 786 1225 τό
804 1209 832 1235 γε
854 1198 889 1230 εἷς

116 1243 194 1271 αὐτὸν
204 1239 266 1276 ἧκον
280 1241 348 1277 (οὐδὲ
358 1241 408 1281 γὰρ
422 1241 554 1282 διώρθωσε
566 1242 596 1270 τὸ
605 1244 694 1274 κακῶς
706 1243 888 1281 γεγενημένον,

116 1288 175 1316 ἀλλ’
191 1283 247 1316 εἶπε
263 1287 350 1325 μόνον,
372 1291 474 1315 παῦσαι
493 1287 520 1316 δὲ
534 1288 580 1316 οὐκ
601 1287 729 1326 ἴσχυσεν),
743 1289 765 1315 εἷ
779 1287 862 1316 τοίνυν
878 1290 891 1316 ὁ

116 1332 195 1371 μόνον
211 1332 300 1369 εἰπὼν,
315 1332 359 1361 καὶ
375 1332 455 1370 μηδὲν
471 1332 572 1361 οἴκοθεν
589 1332 606 1367 ἢ
629 1335 706 1360 τοῦτο
727 1332 890 1370 εἰσενεγκὼν,

117 1378 208 1413 ἐπειδὴ
229 1378 380 1417 ἀπετμήθη,
401 1378 509 1417 μάρτυς,
527 1379 572 1406 καὶ
596 1377 734 1417 μαρτύρων
748 1378 804 1406 ἐστὶ
814 1381 891 1418 πρῶ-

119 1435 163 1457 τος
176 1436 182 1442 ·
196 1425 220 1453 οἵ
233 1424 362 1457 τοσαύτας
385 1424 487 1462 σφαγὰς
509 1423 751 1464 προσδοκήσαντες,
768 1423 812 1452 καὶ
834 1424 892 1463 οὐχὶ

117 1470 183 1510 πρὸς
198 1469 330 1510 Ἡρώδην,
347 1469 415 1499 ἀλλὰ
429 1470 493 1508 πρὸς
502 1469 562 1502 τοὺς
572 1473 733 1508 κρατοῦντας
744 1472 791 1505 τ’ἠς
805 1471 891 1498 οἰκου-

121 1515 201 1552 μένης
223 1514 328 1549 ἁπάσης
350 1514 559 1553 ἀποδυσάμενοι,
580 1515 624 1543 καὶ
639 1515 697 1554 οὐχὶ
712 1515 790 1554 γάμῳ
804 1527 892 1555 παρα-

120 1559 289 1598 νομουμένῳ,
304 1559 373 1588 ἀλλὰ
386 1559 474 1598 νόμοις
486 1559 619 1600 πατρῴοις
640 1560 684 1589 καὶ
709 1563 812 1599 θεσμοῖς
827 1561 891 1590 Ἐκ-

120 1605 230 1639 κλησίας
259 1606 443 1644 ἐτι-ηρεασθεῖσι
472 1605 668 1644 παραστάντες,
698 1606 742 1634 καὶ
767 1606 810 1634 διὰ
839 1608 891 1634 τῶν

121 1651 246 1690 ῥημάτων
267 1650 312 1678 καὶ
338 1650 380 1679 διὰ
406 1652 458 1679 τῶν
481 1651 646 1691 πραγμάτων
669 1651 716 1686 τὴν
742 1652 891 1691 παῤῥησίοιν

120 1696 322 1734 ἐπιδειξάμενοι,
336 1696 381 1724 καὶ
396 1698 453 1725 καθ’
469 1696 582 1732 ἑκάστην
597 1697 699 1736 ἡμέραν
715 1698 892 1732 ἀποθνήσκον-

121 1753 178 1778 τες,
193 1742 238 1770 καὶ
252 1741 342 1781 ἄνδρες
355 1741 401 1770 καὶ
414 1746 534 1781 γυναῖκες
549 1743 594 1772 καὶ
608 1744 712 1777 παῖδες,
731 1746 787 1776 πῶς
802 1746 847 1772 οὒκ
862 1744 892 1772 ἂν

121 1783 170 1816 εἶεν
185 1788 278 1816 δίκαιοι
294 1788 416 1827 μυριάκις
439 1790 475 1820 εἷς
493 1788 537 1817 τὸν
557 1791 610 1817 τῶν
625 1788 763 1827 μαρτύρων
779 1792 893 1818 καταλε-

121 1834 200 1871 γῆναι
228 1832 322 1872 χορόν;
346 1833 423 1862 Ἐπεὶ
445 1833 516 1862 καὶὸ
531 1833 661 1873 Ἀδραὰμ,
682 1834 719 1872 μὴ
739 1835 836 1874 σφάξας
859 1837 892 1873 τῇ

121 1878 200 1917 πείρᾳ
213 1879 256 1907 τὸν
268 1878 331 1914 υἱὸν,
345 1880 378 1917 τῇ
395 1879 516 1917 προθέσει
531 1879 634 1918 ἔσφαξε,
647 1880 692 1908 καὶ
706 1882 793 1918 φωνῆς
812 1880 892 1914 ἥκου-

121 1935 166 1953 σεν
184 1924 280 1952 ἄνωθεν
302 1923 436 1962 λεγούσης,
450 1924 491 1952 ὅτι
507 1926 566 1953 Οὐκ
589 1924 684 1964 ἐφείσω
700 1928 746 1954 τοῦ
768 1927 824 1954 υἱοῦ
846 1937 892 1954 σου

123 1973 168 1998 τοῦ
182 1971 319 2007 ἀγαπητοῦ
334 1970 367 1996 δι’
382 1969 438 2006 ἐμέ.
451 1969 530 1998 Οὕτω
542 1973 679 2009 πανταχοῦ
699 1971 744 1998 καὶ
757 1974 774 2005 ἡ
789 1971 892 2010 γνώμη,

122 2014 184 2043 ὅταν
198 2013 381 2052 ἀπηρτισμένη
395 2010 412 2052 ᾖ
426 2014 469 2043 ἐπὶ
483 2016 530 2049 τῆς
546 2017 655 2054 ἀρετῆς,
667 2015 810 2054 ὁλόκληρον
824 2018 898 2054 λοιμ-Δ

125 2059 198 2088 ὅάνει
217 2059 261 2087 τὸν
273 2058 407 2097 στέφανον.
427 2060 460 2088 Εἰ
473 2059 500 2087 δὲ
516 2061 622 2095 ἐκεῖνος,
638 2062 693 2089 υἱοῦ
709 2061 745 2099 μὴ
763 2062 893 2100 φεισάμε-

124 2115 175 2139 νος,
192 2103 273 2136 otta-»q
284 2107 295 2119 ³
309 2103 510 2142 ἀνεκηρύττετο,
526 2100 596 2133 οὗτοι
617 2106 716 2133 ἑαυτῶν
742 2106 778 2144 μὴ
802 2107 890 2145 φεισά-

126 2161 216 2187 μενοι,
230 2148 348 2183 ἐννόησον
362 2148 442 2177 πόσον
456 2149 586 2188 λήψονται
600 2151 692 2188 μισθὸν
701 2173 709 2186 ,
724 2153 753 2180 οὐ
773 2151 836 2189 μίαν
845 2174 852 2187 ,
865 2155 894 2181 οὐ

125 2194 180 2230 δύο,
195 2193 239 2222 καὶ
258 2197 327 2232 τρεῖς
341 2193 452 2232 ἡμέρας,
475 2195 531 2222 ἀλλ’
554 2195 695 2234 ὁλόκληρον
709 2196 752 2225 τὸν
776 2197 831 2235 βίον
851 2198 894 2226 ἐπὶ

124 2242 172 2275 τῆς
188 2238 356 2278 παρατάξεως
377 2238 513 2276 ἱστάμενοι
533 2239 639 2275 ταύτης,
663 2241 819 2280 βαλλόμενοι
842 2244 895 2272 λοι-

127 2284 234 2323 δορίαις,
249 2283 370 2323 ῧὲρεσιν,
386 2284 528 2323 ἐπηρείαις,
545 2286 737 2325 συκοφαντίαις,
756 2287 825 2316 Οὐδὲ
844 2288 894 2326 γὰρ

125 2332 201 2358 τοῦτο
219 2328 320 2368 μικρόν.
333 2329 381 2358 Aa&
398 2329 442 2357 καὶ
461 2331 496 2362 ὡς
511 2330 579 2368 μέγα
593 2332 698 2363 Παῦλος
719 2332 781 2360 αὐτὸ
794 2332 895 2370 θαυμά-

128 2375 166 2407 ζει
184 2373 267 2412 λέγων
280 2385 287 2391 ·
305 2375 392 2402 Τοῦτο
415 2374 461 2413 μὲν
484 2377 639 2414 ὀνειδισμοῖς
653 2377 698 2405 καὶ
713 2377 815 2416 θλίψεσι
837 2381 895 2407 θεα-

128 2419 371 2459 τριζόμενοι,·τοῦτο
388 2419 415 2448 δὲ
429 2421 548 2450 κοινωνοὶ
562 2421 574 2437 ¹²
585 2423 636 2450 τῶν
651 2422 718 2451 οὕτω
740 2424 895 2462 πασΛόντων

128 2464 286 2502 γενηθέντες.
307 2464 343 2493 Τί
357 2465 387 2493 ἄν
402 2477 442 2498 τις
457 2466 524 2495 εἴποι
538 2466 596 2500 τοὺς
609 2467 654 2496 καὶ
671 2468 763 2501 αὐτοὺς
778 2469 896 2505 ἀποθνή-

130 2520 248 2545 σκοντας,
261 2508 375 2543 καὶτοὺς
394 2510 428 2539 τὰ
448 2515 556 2542 τοιαῦτα·
575 2513 715 2547 ἀθλοῦντας
731 2513 896 2554 ἀλείψαντας,

166 2587 175 2598 ²
194 2580 240 2606 Alii
252 2585 439 2617 ἀνακηρύττεται.

1581 165 1648 201 603

940 242 1037 281 perire,
1052 247 1130 279 atque
1141 241 1175 269 ob
1189 241 1277 269 miuus
1288 240 1396 278 aliquod
1411 240 1510 269 bonum
1525 239 1652 278 opuslmc

901 291 920 314 D
939 287 1026 327 ipsum
1041 287 1205 326 supplicium
1218 287 1355 315 sustinere.
1381 286 1473 323 Neque
1485 296 1547 313 vero
1565 286 1652 314 solum

939 343 982 362 eos
1004 333 1048 371 qui
1071 332 1149 362 occisi
1175 339 1248 370 suut,
1268 332 1314 360 sed
1338 331 1416 359 etium
1438 342 1482 359 eos
1501 331 1546 368 qui
1567 333 1652 369 parati

939 379 1056 414 suerunt,
1064 385 1089 406 et
1103 378 1197 406 adhoc
1206 377 1315 417 promti,
1325 376 1448 416 martyrii
1459 387 1583 404 eoronam
1592 376 1654 405 :nde-

940 431 998 463 ptos
1009 435 1074 458 esse,
1089 431 1112 452 et
1129 423 1179 452 hoc
1192 423 1291 462 ipsum,
1307 429 1331 451 et
1339 422 1411 461 quod
1424 421 1498 461 prius
1512 421 1581 457 dixi,
1593 432 1655 451 eum

937 469 984 506 qui
999 469 1034 497 ob
1048 480 1088 498 res
1103 469 1218 498 minores
1236 468 1338 497 occisus
1358 468 1403 503 sit,
1427 474 1574 506 martyrem
1599 478 1654 495 esse

937 515 1092 553 perfeetum,
1106 513 1256 542 testimonio
1288 513 1363 542 Pauli
1393 513 1508 541 conabor
1528 512 1651 551 probare.

938 560 1005 588 Cum
1013 560 1084 588 enim
1097 560 1218 598 eoepisset
1228 570 1272 588 eos
1279 569 1432 587 enumerare
1441 558 1534 586 beatus
1544 559 1651 595 Paulus,

938 605 983 642 qui
999 606 1129 643 majorum
1152 605 1316 644 temporibus
1338 605 1454 633 illustres
1475 604 1590 639 suerunt,
1611 611 1652 632 at·-

938 661 989 688 que
999 651 1033 679 ab
1049 651 1105 689 ipso
1116 651 1197 679 Abele
1213 651 1319 679 initium
1339 650 1471 687 duxisset,
1501 648 1598 678 deinde
1619 649 1653 678 ad

939 697 995 725 Noe
1006 706 1171 735 progressus,
1191 696 1434 732 Abraha1u‚1saac,
1457 694 1550 731 Jacob,
1575 695 1654 734 Moy-

939 752 1006 779 sem,
1023 742 1113 779 Josue,
1128 741 1269 776 Davidem,
1284 741 1448 778 Samuelem,
1464 740 1580 777 Heliam,
1599 740 1656 769 Eli-

1112 181 1175 202 ΗΒ.
1206 180 1302 202 lmus.

904 793 922 816 E
940 797 1033 823 smum,
1045 787 1156 822 Jobum,
1182 787 1281 826 adjecit
1295 786 1388 815 dicens
1402 798 1407 814 ε
1423 787 1551 824 Ideoque
1562 791 1590 815 et
1605 795 1657 814 nos
1669 793 1724 815 ΙΙεΙι.
1742 798 1790 814 ιω
1801 808 1807 814 .

941 838 1056 861 tantam
1072 833 1212 861 habentes
1228 834 1394 870 impositam
1416 832 1522 859 nubem
1542 837 1656 868 marty—

939 888 1013 907 rum.
1035 879 1118 916 Atqui
1133 888 1185 907 non
1195 877 1334 906 omnesilli
1358 876 1449 914 occisi,
1468 876 1523 905 imo
1537 887 1570 904 ne
1588 887 1659 905 unus

940 923 1062 961 quidem,
1075 923 1182 952 duobus
1193 930 1240 952 aut
1253 923 1340 951 tribus
1357 922 1487 961 exceptis,
1505 921 1587 950 Ahele
1607 922 1657 950 sci-

940 969 1037 998 licetct
1047 971 1165 999 Joanne:
1181 969 1269 998 caeteri
1291 979 1355 998 vcro
1379 967 1493 996 naturali
1508 974 1593 996 morte
1615 968 1657 996 vi-

941 1021 996 1044 tam
1011 1015 1146 1043 finierunt.
1168 1015 1314 1044 Enimvero
1328 1015 1443 1043 Joannes
1460 1013 1516 1051 ipse
1530 1023 1581 1041 non
1598 1023 1659 1040 eum

944 1060 1096 1089 sacrificare
1105 1061 1195 1099 jussus
1206 1066 1281 1095 esset,
1302 1069 1388 1097 neque
1401 1058 1541 1097 paruisset,
1557 1057 1660 1086 occisus

941 1112 991 1142 est,
1012 1116 1097 1143 neque
1108 1105 1143 1134 ad
1160 1105 1243 1134 altare
1259 1104 1401 1141 deductus,
1412 1114 1496 1141 neque
1505 1102 1541 1131 ad
1554 1103 1660 1131 idolum

941 1157 1100 1190 pertractus,
1118 1150 1163 1179 sed
1175 1150 1209 1179 ob
1218 1161 1302 1178 unum
1316 1149 1440 1178 verbum.
1453 1149 1522 1177 Nam
1533 1148 1660 1186 quoniam

898 1196 1049 1238 5⁰Gdixerat
1059 1196 1173 1224 Herodi:
1189 1197 1258 1225 Non
1272 1196 1339 1224 licet
1355 1196 1407 1224 tihi
1420 1195 1527 1222 habere
1539 1204 1660 1222 uxorem
1672 1205 1757 1226 Mani,
1774 1206 1810 1233 ¹4-

908 1248 927 1269 Α
943 1243 1075 1280 Philippi
1082 1243 1193 1281 fratris
1204 1243 1257 1276 tui,
1283 1240 1345 1269 etin
1356 1250 1461 1269 earcere
1477 1239 1622 1275 habitavit,
1636 1246 1661 1268 et
1671 1235 1695 1265 4·

944 1287 1042 1317 eoedem
1055 1287 1129 1315 illam
1140 1286 1274 1315 sustinuit.
1296 1285 1376 1321 Quod
1390 1285 1411 1313 si
1425 1285 1448 1313 is
1463 1284 1510 1323 qui
1524 1285 1662 1313 matrimo-

945 1333 1021 1361 nium
1032 1339 1123 1360 contra
1132 1332 1203 1370 leges
1210 1337 1376 1360 contractum
1388 1330 1460 1358 ultus
1471 1337 1520 1366 est,
1529 1337 1662 1368 quantum

945 1378 973 1406 in
984 1378 1042 1417 ipso
1052 1377 1162 1416 quidem
1173 1377 1224 1405 suit
1236 1379 1336 1414 (neque
1346 1376 1417 1404 enim
1432 1375 1506 1413 quod
1520 1386 1661 1415 perperam

946 1430 1050 1462 gestum
1061 1429 1099 1451 est
1110 1421 1272 1456 emendavit,
1290 1421 1336 1450 sed
1354 1420 1434 1451 dixit.
1447 1427 1563 1457 tantum,
1576 1431 1662 1459 neque

945 1468 1035 1508 potuit
1048 1467 1210 1507 impedire),
1238 1467 1260 1495 si
1276 1476 1339 1505 ergo
1350 1477 1411 1495 cum
1421 1465 1535 1494 dixisset
1545 1473 1660 1504 tantum,

945 1525 1030 1552 neque
1046 1513 1121 1542 aliud
1148 1523 1182 1542 ex
1197 1523 1224 1541 se
1241 1512 1406 1550 contulisset,
1437 1522 1467 1540 eo
1488 1511 1562 1550 quod
1578 1512 1664 1551 capite

945 1567 1084 1589 truncatus
1102 1559 1145 1596 sit⁷
1170 1565 1274 1598 martyr
1287 1565 1314 1586 et
1329 1565 1481 1597 martyrum
1490 1557 1596 1596 primus
1605 1565 1643 1586 est
1656 1570 1661 1584 :

945 1606 994 1644 qui
1022 1612 1076 1634 tam
1089 1604 1181 1633 multis
1197 1603 1318 1633 caedibus
1339 1614 1366 1632 se
1389 1603 1554 1642 objecerunt,
1579 1613 1664 1641 neque

942 1651 1000 1691 jam
1007 1650 1118 1687 Herodi,
1134 1650 1180 1678 sed
1195 1649 1313 1678 universi
1332 1649 1406 1677 orbis
1418 1655 1550 1677 terrarum
1558 1649 1663 1687 princi-

945 1697 1026 1736 pibus
1041 1707 1068 1725 se
1080 1702 1273 1736 opposuerunt,
1289 1705 1374 1732 neque
1395 1694 1512 1733 conjugii
1528 1694 1608 1722 unius
1623 1694 1663 1722 in-

943 1743 1015 1782 juste
1028 1742 1100 1779 initi,
1118 1741 1165 1771 sed
1179 1741 1328 1780 patriarum
1338 1740 1428 1779 legum
1437 1747 1461 1768 et
1472 1739 1600 1768 Ecclesiae
1623 1740 1661 1768 ri-

946 1793 1023 1816 tuum
1031 1787 1211 1816 defensionem
1221 1792 1404 1825 susceperunt,
1412 1796 1478 1823 quos
1493 1785 1538 1813 alii
1550 1785 1662 1813 insecta-

912 1843 929 1866 Β
946 1833 1055 1871 bantur,
1072 1839 1097 1861 et
1119 1843 1182 1861 cum
1195 1832 1286 1861 verbis
1300 1838 1357 1859 tum
1381 1830 1506 1869 operibus
1534 1829 1662 1858 fiduciam

946 1890 1002 1918 prae
1008 1889 1035 1907 se
1046 1878 1173 1911 tulerunt,
1181 1887 1243 1905 cum
1255 1876 1368 1915 singulis
1374 1875 1471 1904 diebus
1485 1882 1660 1912 morerentur,

946 1931 972 1953 et
985 1923 1048 1958 viri,
1077 1929 1103 1951 et
1115 1922 1249 1957 mulieres,
1265 1927 1291 1949 et
1310 1920 1398 1959 pueri,
1425 1930 1511 1948 nonne
1525 1919 1620 1948 millies
1632 1919 1660 1948 in

947 1976 1098 2007 martyrum
1109 1977 1250 1995 numerum
1264 1965 1381 1993 adscribi
1392 1965 1544 1993 merentur?
1564 1965 1660 2000 Quan-

945 2013 1093 2051 doquidem
1108 2012 1243 2040 Abraham
1254 2020 1371 2048 quoque,
1387 2020 1449 2038 cum
1457 2020 1509 2038 non
1523 2010 1609 2049 reipsa
1622 2010 1659 2038 fi-

945 2058 1014 2086 lium
1025 2062 1174 2092 mactasset,
1182 2055 1264 2084 animi
1277 2055 1414 2094 proposito
1424 2055 1511 2083 silium
1520 2055 1657 2092 mactavit,

947 2110 972 2132 et
987 2113 1081 2132 vocem
1092 2101 1167 2129 illam
1177 2100 1306 2129 caelestem
1312 2099 1445 2128 dicentem
1455 2099 1562 2129 audivit
1574 2112 1580 2127 ι
1591 2101 1659 2129 Non
1673 2108 1728 2129 Gen.
1737 2113 1808 2129 22³2.

945 2149 1097 2187 pepercisti
1111 2148 1260 2185 unigenito
1266 2146 1339 2184 filio
1349 2152 1397 2173 tuo
1406 2151 1525 2184 propter
1539 2156 1594 2174 me.
1620 2147 1661 2175 Ita

948 2195 988 2232 fit,
1003 2200 1033 2222 ut
1046 2193 1146 2230 ubique
1159 2190 1242 2220 animi
1253 2191 1430 2230 propositum,
1451 2190 1500 2219 ubi
1513 2192 1662 2230 perfectum

948 2239 1027 2268 suerit
1042 2238 1070 2267 in
1092 2238 1202 2274 virtute,
1227 2236 1360 2275 integram
1385 2246 1510 2264 coronam
1537 2237 1660 2276 accipiat.

949 2285 1031 2321 Quod
1040 2283 1062 2312 si
1077 2283 1134 2321 isse,
1147 2293 1209 2311 cum
1217 2281 1274 2310 filio
1294 2292 1342 2310 suo
1366 2291 1419 2310 non
1442 2281 1612 2321 pepercisset,
1626 2283 1662 2311 ita

949 2331 1097 2360 celebratus
1111 2335 1158 2365 est,
1172 2327 1270 2356 hicum
1283 2326 1335 2355 sibi
1346 2326 1411 2365 ipsis
1422 2337 1475 2354 non
1485 2328 1661 2366 pepercerint,

951 2376 1036 2415 cogita
1043 2381 1171 2414 quantam
1183 2372 1235 2401 sint
1241 2371 1372 2410 recepturi
1384 2371 1544 2409 mercedem,
1556 2372 1601 2410 qui
1610 2383 1663 2400 non

951 2433 1036 2452 unum
1049 2428 1074 2450 et
1088 2420 1168 2457 duos,
1187 2425 1274 2446 tresve
1287 2417 1353 2454 dies,
1371 2417 1418 2445 sed
1438 2427 1485 2456 per
1501 2424 1588 2446 totum
1601 2418 1662 2446 vitoe

951 2478 1006 2497 suae
1019 2474 1124 2505 tempus
1132 2464 1160 2493 in
1173 2463 1225 2492 hac
1239 2462 1295 2495 acie
1301 2468 1439 2498 steterunt,
1453 2462 1592 2498 conviciis,
1605 2473 1665 2491 con-

953 2512 1081 2550 tumeliis,
1109 2509 1225 2549 injuriis,
1253 2506 1394 2536 calumniis
1410 2506 1545 2537 devexati.
1569 2507 1665 2545 Neque

949 2587 962 2605 Ι)
981 2586 1025 2611 Alii
1042 2591 1085 2612 τῶν
1102 2587 1170 2614 οὕτως
1182 2585 1378 2616 &marcq-*opiam
1390 2585 1522 2613 γενηθέντες.

1477 2614 1525 2641 59.

1700 563 1804 591 Martyron

1664 594 1737 622 plures
1776 594 1804 614 υΙι

1663 632 1745 645 causam
