1840 2839
782 162 945 185 1«;Ι’18ἰ·υΙ.Ε
952 176 959 184 -

95 238 108 263 ὁ
121 235 195 267 πόνος
206 236 266 273 ὑμῖν
278 234 429 272 ἐγγένηται,
444 232 558 271 τοσούτῳ
574 232 617 260 καὶ
641 231 734 269 μείζων
758 231 830 260 ἔσται
848 232 862 259 ὁ

94 281 232 320 στέφανος,
244 282 372 309 τοῦ-Θεοῦ
392 278 439 312 τὰς
462 279 587 318 ἀρρήτους
601 280 662 316 ὑμῖν
686 278 729 306 καὶ
747 278 859 316 ἀφέτους

93 327 192 360 ἐκείνας
207 326 250 355 καὶ
272 326 347 365 λόγον
366 324 573 364 ὓπερῧαινούσας
588 324 716 363 ὁρίζοντος
740 323 860 361 agamede

197 690 266 729 fmC'.
281 689 414 728 ι’Βενερίῳ
431 688 567 726 ἐπισκόπῳ
583 686 759 716 Μεδιολάνων.

133 782 191 818 Τὴν
206 782 325 821 ἀνδρείαν
340 782 422 819 ὑμῶν,
443 780 488 809 καὶ
510 780 557 815 τὴν
581 777 739 818 παρρησίαν,
755 778 799 807 καὶ
814 777 862 813 τὴν

94 828 160 867 ὑπὲρ
174 830 220 863 τῆς
235 827 357 863 ἀληθείας
371 825 602 865 ἐλευθεροστομίαν
615 825 660 854 καὶ
674 825 800 865 πρότερον
815 824 863 862 μὲν

94 875 206 907 ἅπαντες
229 873 342 913 ᾔδεσαν·
362 872 440 906 ἔδειξε
469 872 496 901 δὲ
524 871 708 912 ἀκριῧέστερον
733 873 747 900 ὁ
771 870 862 910 παρὼν
878 881 896 904 Ε

93 919 182 960 καιρὸς
194 920 241 955 τὴν
264 919 444 958 φιλαδελφίαν,
458 918 506 954 τὴν
521 918 637 958 ἀγάπην,
654 918 701 953 τὴν
716 917 864 954 εὐλάὸειαν,

94 966 141 1002 τὴν
163 966 263 1001 πολλὴν
287 965 451 1004 συμπάθειαν
468 967 552 1004 ὑμῶν,
572 964 619 1000 τὴν
638 963 794 1003 κηδεμονίαν
817 963 864 999 τὴν

94 1012 159 1052 ὑπὲρ
178 1014 229 1041 τῶν
243 1012 418 1047 Ἐκκλησιῶν.
434 1011 512 1041 Ἐπεὶ
528 1012 572 1040 καὶ
596 1011 759 1050 κυὸερνήτην
774 1013 788 1040 ὁ
808 1022 864 1050 χει-

96 1057 151 1096 μὼν
179 1059 296 1096 μάλιστα
320 1057 433 1087 δείκνυσι
456 1058 504 1092 τῆς
529 1057 678 1093 Θαλάσσης,
709 1056 754 1086 καὶ
778 1057 866 1096 ἰατρὸν

95 1104 201 1143 ἄριστον
220 1104 253 1132 τὰ
274 1103 381 1143 χαλεπὰ
394 1105 446 1132 τῶν
469 1103 599 1141 σωμάτιον
622 1103 774 1141 νοσήματα·
798 1102 867 1132 οὕτω

95 1150 140 1179 καὶ
156 1151 200 1179 τὸν
216 1152 241 1179 ἐν
264 1150 386 1189 εὐλαὸείᾳ
407 1152 453 1189 ζῇν
479 1149 672 1185 ἐσπουδακότα,
695 1149 740 1177 καὶ
765 1148 866 1184 πολλὴν

95 1196 189 1235 ἔχοντα
204 1196 334 1236 ἀνδρείαν,
348 1198 364 1231 ἦ
380 1196 431 1224 τῶν
448 1196 547 1234 καιρῶν
569 1195 700 1225 δυσκολία.
715 1194 753 1224 “O
768 1194 799 1230 δὴ
821 1194 866 1223 καὶ

96 1243 134 1281 ἐφ’
150 1244 223 1280 ὑμῶν
240 1241 342 1281 γέγονε,
354 1242 398 1271 καὶ
415 1241 445 1271 τό
457 1254 487 1281 γε
501 1241 625 1281 ὑμέτερον
647 1240 738 1280 μέρος,
761 1240 865 1269 ἅπαντα

96 1287 257 1326 διώρθωται,
278 1288 322 1316 καὶ
347 1286 420 1317 οὐδὲν
441 1287 615 1316 ἐλλέλειπται.
640 1286 709 1315 Ἀλλ’
731 1286 822 1322 ἐπειδὴ
842 1288 896 1334 οἱ70

1561 150 1627 193 8³07

917 223 1005 260 tium,
1033 229 1156 261 praestare
1174 221 1340 251 studueritis.
1365 222 1443 257 Quod
1472 223 1492 250 ,si
1517 223 1628 251 necdum

918 269 1075 308 importuna*
1091 280 1145 298 suan
1161 269 1321 298 contentioni
1346 275 1371 297 et
1396 268 1494 307 injusto
1509 269 1578 297 bello
1593 270 1627 297 li-

916 326 975 345 nem
999 317 1135 357 imponere
1154 316 1263 353 volnnt,
1282 316 1326 354 qni
1351 315 1447 344 borum
1464 327 1477 343 a
1496 315 1629 355 principio

915 363 1047 391 malorum
1074 370 1193 392 auctores
1214 362 1321 391 suerunt
1336 385 1344 397 ,
1369 372 1400 389 ne
1424 372 1470 389 vos
1491 361 1630 389 conturbet

915 407 1005 444 istud,
1026 418 1091 437 neve
1112 407 1214 436 animos
1235 413 1336 436 vestros
1361 406 1482 435 debilitet
1499 417 1503 432 :
1531 413 1629 444 quanto

914 454 984 483 enim
999 454 1085 494 major
1106 454 1182 483 vobis
1202 454 1322 483 exoritur
1346 453 1439 491 labor,
1463 459 1536 480 tanto
1550 452 1629 480 etiam

915 501 999 539 major
1011 510 1107 529 corona
1123 506 1258 536 nectetur,
1273 510 1334 528 enm
1352 501 1423 527 Dens
1437 508 1530 526 arcana
1545 497 1590 525 illa
1606 505 1630 525 et

915 546 921 574 i
926 545 1070 582 neffabilia,
1082 555 1194 583 qumque
1208 555 1312 574 omnem
1324 555 1469 573 sermonem
1484 543 1628 578 excedunt,

868 613 873 617 .
914 591 1021 630 praemia
1037 591 1114 620 vobis
1128 590 1278 620 constituet.

914 678 1094 708 CLXXXII.
1112 680 1234 708 Venerio
1256 681 1386 717 episcopo
1403 678 1627 706 Mediolanensi.

954 772 1054 801 Omnes
1064 771 1174 811 quidem
1184 772 1490 801 fortitudinemvestram
1498 794 1505 808 ‚
1517 781 1547 799 ac
1559 770 1630 799 ssdu-
1642 772 1705 794 Anno
1716 773 1769 801 405.

915 817 983 847 ciam
993 841 1000 855 ,
1022 825 1047 847 et
1060 829 1108 858 pro
1122 818 1234 848 veritate
1245 817 1372 856 loquendi
1387 817 1536 846 libertatem
1550 817 1631 846 etiam

916 870 992 892 antea
1015 871 1161 893 noverant:
1181 863 1228 893 sed
1249 863 1400 892 accuratius
1417 864 1563 892 fraternum
1586 873 1631 891 ve-

915 916 1001 939 strum
1017 920 1150 946 amorem,
1165 909 1318 945 caritatem,
1334 909 1506 948 religionem,
1519 909 1633 937 multam

917 955 1172 984 commiserationem
1187 978 1194 991 ,
1221 954 1430 983 sollicitudinem
1452 955 1633 983 Ecclesiarinn

917 1001 968 1030 boe
983 1007 1088 1041 tempus
1102 1001 1242 1030 indicavit.
1257 1001 1324 1030 Nam
1347 1001 1550 1039 gubernatorem
1562 1011 1634 1040 quo—

917 1058 969 1086 que
983 1048 1065 1077 maris
1075 1054 1216 1087 tempestas
1230 1047 1379 1087 praesertim
1395 1046 1494 1075 indicat
1506 1071 1512 1082 ,
1525 1054 1551 1075 et
1565 1047 1635 1086 opti-

918 1105 994 1123 mum
1006 1094 1141 1123 medicum
1154 1093 1290 1132 graviores
1306 1103 1448 1132 corporum
1467 1093 1554 1122 morbi
1567 1105 1573 1120 :
1598 1094 1636 1121 sic

918 1147 943 1169 et
961 1140 1038 1169 illum
1053 1140 1099 1179 qui
1114 1139 1238 1179 religiose
1247 1139 1331 1167 vitam
1342 1149 1417 1167 suam
1428 1137 1566 1167 traducere
1578 1145 1634 1167 stu-

918 1186 989 1225 duit,
1008 1197 1039 1215 ac
1050 1186 1135 1215 multa
1150 1185 1279 1226 praeditus
1291 1191 1329 1214 est
1343 1184 1500 1213 fortitudine
1509 1208 1517 1221 ,
1531 1191 1635 1224 tempo-

919 1243 980 1261 rum
995 1232 1169 1261 difficultates
1190 1231 1341 1260 ostendunt.
1362 1230 1444 1266 Quod
1463 1230 1540 1260 vobis
1555 1230 1635 1259 etiam

919 1279 1043 1318 contigit,
1059 1285 1084 1307 et
1104 1284 1234 1317 quantum
1254 1278 1282 1306 in
1300 1277 1377 1306 vobis
1388 1277 1451 1313 suit,
1468 1277 1557 1306 onmia
1570 1276 1636 1305 hene

96 1333 142 1367 τὰς
164 1334 283 1373 ταραγὰς
307 1334 351 1362 καὶ
374 1333 492 1366 “mm-559
512 1333 556 1362 mi
584 1333 714 1365 τίκτον-τες
735 1334 770 1365 εἷς
790 1336 866 1362 τοῦτο
883 1317 909 1366 Αό
919 1331 1120 1362 successerunt,
1135 1334 1221 1362 neque
1233 1323 1289 1352 ulla
1301 1334 1362 1363 pars
1372 1323 1454 1351 osficii
1467 1322 1548 1351 vestri
1566 1322 1636 1351 desi-

98 1375 176 1415 ἦλθον
200 1379 358 1419 παρανοίας,
382 1381 417 1411 ὡς
439 1379 476 1417 μὴ
498 1378 576 1417 μόνον
596 1378 633 1416 μὴ
658 1377 866 1416 ἔγκαλύπτεσθαι

97 1429 151 1458 τοῖς
177 1425 328 1464 προτέροις,
352 1425 421 1453 ἀλλὰ
446 1424 491 1453 καὶ
513 1424 719 1463 ἐπαγωνίζεσθαι
743 1423 866 1458 ἐκείνοις,

98 1473 245 1511 παρακαλῶ
268 1474 340 1511 κοινῇ
357 1471 457 1504 πάντας
480 1473 554 1510 ὑμῶν
569 1470 783 1511 ἐῤῥωμενεστάτῃ
801 1470 867 1511 χρή-

98 1521 194 1547 σασθαι
204 1520 237 1556 τῇ
248 1518 394 1557 προθυμίᾳ,
409 1517 454 1546 καὶ
470 1516 507 1555 μὴ
519 1519 663 1545 καταλῦσαι
675 1515 723 1551 τὴν
737 1516 866 1552 τοσαύτην

99 1562 224 1599 σπουδὴν,
240 1563 308 1592 ἀλλὰ
327 1564 372 1592 καὶ
384 1563 553 1602 προστιθέναι
565 1562 702 1601 μειζόνως,
713 1562 761 1591 κᾶν
775 1562 867 1602 μυρίαι

99 1609 234 1638 δυσκολίαι
258 1609 491 1648 παρεμπίπτωσιν.
518 1610 554 1638 Οἱ
575 1608 625 1647 γὰρ
652 1607 720 1646 μετὰ
740 1607 867 1637 πλειόνων

97 1655 213 1694 ἱδρώτων
229 1655 272 1685 καὶ
291 1655 377 1685 πόνων
390 1655 457 1694 μέγα
478 1667 504 1684 τι
519 1654 562 1684 καὶ
577 1658 693 1694 γενναῖον
709 1657 868 1694 κατορθοῦν-

100 1713 154 1735 τες,
171 1703 222 1730 τῶν
238 1700 332 1741 ῥᾳδίως
353 1701 397 1730 καὶ
412 1703 469 1739 μετ’
485 1700 604 1734 εὐκολίας
625 1703 701 1729 τοῦτο
723 1700 867 1730 ποιούντων

99 1747 206 1776 πλείονα
216 1748 345 1786 λήψονται
360 1748 404 1776 τὸν
420 1747 521 1786 μισθόν.
538 1746 669 1780 Ἕκαστος
679 1746 746 1786 γὰρ,
760 1747 838 1786 φησὶν
853 1749 867 1776 ὁ

100 1793 227 1834 μακάριος
250 1794 370 1829 Παῦλος,
391 1793 435 1821 τὸν
454 1793 516 1822 ἴδιον
543 1792 633 1831 μισθὸν
649 1792 778 1832 λήψεται,
798 1792 866 1821 κατὰ

100 1840 143 1869 τὸν
167 1839 232 1869 ἴδιον
254 1839 343 1868 κόπον.
365 1839 411 1875 Μὴ
436 1839 520 1869 τοίνυν
546 1840 576 1869 τὸ
596 1839 682 1869 πολλὰ
705 1839 868 1878 κεκμηκέναι

100 1885 208 1915 ποιείτω
229 1888 296 1924 ὑμᾶς
311 1885 499 1924 ἀπαγορεύειν·
512 1887 569 1915 ἀλλ’
586 1886 648 1914 αὐτὸ
662 1885 693 1920 δὴ
708 1889 783 1914 τοῦτο
799 1887 868 1923 μᾶλ-
884 1892 901 1913 B

100 1932 144 1960 λον
157 1930 312 1970 διεγειρέτω.
322 1930 400 1969 ‘¹0:519
412 1930 463 1969 γὰρ
473 1931 504 1959 ἂν
519 1930 671 1970 προσθήκην
684 1930 755 1968 λοίὸῃ
770 1929 803 1958 τὰ
816 1931 868 1958 τῶν

103 1978 267 2016 πειρασμῶν,
279 1975 393 2015 τοσούτῳ
409 1977 507 2014 μᾶλλον
523 1975 627 2009 αὔξεται
647 1975 681 2004 τὰ
702 1977 753 2004 τῶν
773 1974 869 2014 στεφά-

103 2035 163 2059 νων,
179 2023 224 2052 καὶ
239 2022 373 2055 πλεονάζει
393 2022 428 2051 τὰ
441 2023 507 2061 ὑπὲρ
519 2024 570 2051 τῶν
587 2024 674 2051 καλῶν
694 2021 792 2051 τούτων
808 2023 869 2060 ὑμῖν

104 2069 211 2108 ἀγώνων
223 2068 384 2105 ἀποκείμενα
397 2068 516 2108 βραδεῖα.

143 2401 155 2418 ¹¹
173 2400 290 2424 Venerius
309 2398 499 2424 mediolanensis
519 2398 552 2423 ad
572 2398 780 2432 Clirysostomum
799 2399 861 2424 scri·
889 2400 912 2422 ⁴.
925 2398 972 2422 uie
984 2397 1059 2422 etiam
1068 2402 1281 2421 commemoratur
1293 2405 1366 2429 supra
1380 2397 1404 2421 in
1417 2396 1488 2428 epist.
1503 2396 1644 2420 Innocenti·

919 1369 1011 1398 derata
1026 1377 1074 1399 est.
1090 1369 1144 1399 Sed
1161 1369 1287 1408 quoniam
1305 1369 1344 1397 illi
1359 1369 1405 1407 qni
1421 1368 1514 1397 turbas
1535 1368 1636 1396 excita-

920 1422 991 1453 runt,
1010 1422 1035 1444 et
1048 1416 1183 1451 excitant,
1201 1425 1231 1444 eo
1247 1414 1386 1443 dementia:
1403 1421 1464 1442 sunt
1484 1414 1616 1453 progressi
1629 1436 1636 1446 ‚

920 1467 950 1489 ut
964 1471 1017 1490 non
1034 1460 1113 1489 modo
1129 1460 1220 1501 priora
1238 1459 1348 1498 gessisse
1370 1459 1431 1487 illos
1450 1469 1501 1488 non
1516 1459 1613 1498 pudeat
1626 1481 1633 1493 ,

921 1506 967 1536 sed
990 1507 1044 1536 illis
1065 1506 1145 1535 ctiam
1172 1506 1296 1546 graviora
1322 1512 1428 1544 patrare
1454 1505 1613 1533 contendant
1628 1527 1634 1538 ‚

921 1563 1012 1582 omnes
1024 1563 1072 1582 vos
1082 1552 1164 1581 simul
1188 1551 1321 1588 cohortor,
1337 1557 1367 1579 nt
1383 1550 1556 1579 fortissimam
1581 1550 1635 1578 ala-

921 1599 1042 1628 critatem
1055 1597 1138 1627 animi
1152 1597 1312 1633 adhibeatis,
1325 1607 1408 1635 neque
1423 1596 1538 1624 detanto
1548 1595 1636 1624 studio

922 1645 1071 1684 quidquam
1089 1644 1249 1681 remittatis,
1271 1642 1316 1672 sed
1332 1642 1401 1671 illud
1415 1642 1533 1681 amplius
1557 1642 1636 1670 ctiam

920 1691 1052 1731 augeatis,
1067 1690 1283 1720 licetinnumerae
1294 1688 1467 1717 difficultates
1483 1694 1633 1716 occurrant.

922 1739 976 1774 Qui
997 1738 1068 1766 enim
1083 1736 1208 1777 pluribus
1223 1746 1285 1764 cum
1297 1735 1440 1764 sudoribus
1454 1745 1484 1762 ac
1498 1733 1637 1761 laboribus

920 1795 1049 1823 magnum
1059 1782 1171 1821 aliquod
1181 1793 1211 1810 ac
1222 1791 1377 1819 generosum
1390 1780 1492 1808 facinus
1509 1778 1636 1813 ediderit,

921 1829 1072 1858 uberiorem
1093 1827 1147 1855 illis
1158 1849 1168 1863 7
1184 1827 1231 1864 qui
1246 1825 1323 1853 facile
1336 1835 1367 1853 ac
1382 1824 1456 1852 nullo
1476 1823 1581 1862 negotio
1596 1823 1637 1852 id-

922 1874 1011 1913 ipsum
1025 1873 1168 1912 gesserint,
1190 1870 1341 1899 mercedem
1359 1870 1480 1909 accipiet.
1495 1869 1637 1908 Siquidem

926 1921 1143 1959 Unusquisque,
1160 1916 1246 1955 inquit
1260 1917 1353 1945 beatus
1365 1916 1476 1953 Paulus,
1488 1917 1636 1955 propriam

923 1966 1081 1995 mercedem
1087 1965 1220 2003 accipiet,
1233 1963 1389 1992 secundum
1396 1964 1544 2001 proprium
1556 1962 1637 1990 labo-

923 2022 992 2040 rem.
1010 2012 1051 2040 Ne
1069 2010 1152 2049 igitur
1170 2008 1270 2038 idcirco
1290 2008 1411 2037 animum
1431 2007 1636 2047 despondcatis,

923 2055 998 2094 quod
1017 2054 1097 2083 multi
1114 2053 1192 2084 vobis
1210 2052 1309 2081 fuerint
1332 2052 1487 2082 exantlandi
1509 2053 1612 2081 labores
1629 2075 1636 2087 ,

924 2101 971 2131 sed
981 2101 1031 2130 hoc
1049 2100 1140 2140 ipsum
1154 2098 1240 2138 magis
1255 2109 1302 2127 vos
1317 2098 1422 2128 excitet.
1443 2100 1551 2135 Quanto
1567 2099 1637 2127 enim

924 2147 1010 2186 major
1019 2145 1194 2176 afflictionum
1212 2144 1243 2173 fit
1258 2144 1384 2179 accessi0‚
1399 2151 1472 2173 tanto
1487 2145 1572 2183 magis
1587 2155 1638 2173 au-

923 2199 1018 2232 gentur
1029 2203 1132 2222 eoronae
1145 2214 1154 2230 ,
1170 2202 1201 2220 ac
1218 2190 1432 2230 multiplicantur
1455 2202 1485 2220 ea
1507 2191 1616 2230 praemia
1632 2213 1637 2223 ,

923 2249 981 2276 quae
993 2238 1070 2268 vobis
1082 2249 1131 2278 pro
1142 2237 1185 2267 his
1195 2236 1331 2278 praeclaris
1343 2237 1534 2266 certaminibus
1546 2248 1639 2267 recon-

927 2284 1037 2313 duntur.

111 2438 185 2469 psisse
197 2437 274 2463 sertui·
286 2437 352 2471 apud
365 2437 504 2463 Palladium
515 2439 540 2464 in
552 2438 609 2464 viia
621 2437 797 2472 Chrysostomi
807 2447 863 2470 cap.
889 2436 921 2462 ml
932 2436 1151 2470 Clirysostomum.

1651 1931 1668 1946 ι.
1681 1923 1726 1945 Cur
1738 1923 1749 1944 3
1764 1921 1785 1943 3,
