1815 2809
238 183 279 205 Dte
307 183 427 205 t't'tt.tT.
459 182 630 204 Ltitt't'ttmts
659 182 838 204 SCltll‘TL'llA

69 257 160 284 πιγγος
186 244 370 284 λαμπροτέραν
392 243 592 283 προηγουμένην
618 244 711 279 αὐτῶν,
735 244 779 272 καὶ
806 245 831 272 ἐν

69 292 153 329 πολλῇ
169 290 322 330 περιφανείᾳ
333 290 420 326 ὄντας

107 337 258 376 Ἀναγκαῖον
273 336 303 371 δὴ
321 337 365 365 καὶ
386 336 419 364 τὰ
438 335 631 375 κατορθώματα
654 336 737 363 αὐτῶν
753 335 833 368 δεῖξαι

68 381 169 417 πάντα,
185 382 229 411 καὶ
242 383 291 410 ὅσα
302 381 349 417 τὴν
362 382 515 419 οἰκουμένην
530 381 642 416 ὤνησαν.
660 381 711 409 Καὶ
725 381 775 419 γὰρ
789 381 833 408 καὶ

68 431 142 456 τοῦτο
154 430 298 466 ἀρχόντων,
314 428 343 456 τὸ
356 428 391 465 μὴ
407 430 485 466 τιμῆς
506 427 646 456 ἀπολαύειν
663 427 749 465 μόνον,
765 427 833 455 ἀλλὰ

68 473 111 501 καὶ
133 474 231 508 πολλὴν
246 472 423 502 ἐνδείκνυσθαι
445 474 508 513 πρὸς
531 474 588 505 τοὺς
605 473 764 512 ἀρχομένους
786 473 833 508 τὴν

66 518 188 557 πρόνοιαν
199 519 243 548 καὶ
254 518 301 554 τὴν
316 519 486 558 προστασίαν.
495 518 572 548 Ἀλλὰ
586 520 693 549 πλείονα
706 520 750 547 τοῦ
763 519 833 548 δέον-

66 575 110 596 τος
123 565 167 592 καὶ
181 565 212 592 τὰ
228 565 362 604 εἷρῆμενα.
376 565 426 593 Διὰ
440 569 515 594 τοῦτο
529 567 564 598 εἰς
580 565 669 604 ἑτέραν
684 566 833 594 ἀναῧαλλό-

67 621 142 647 μενος
170 613 252 639 ταῦτα
280 610 406 646 διάλεξιν,
431 612 496 650 πρὸς
514 611 561 646 τὴν
584 613 635 639 τῶν
653 611 831 650 νεοφωτίστων

66 655 219 694 παραίνεσιν
236 660 399 695 παραγαγεῖν
413 657 574 695 πειράσομαι
592 656 676 696 λόγον.
696 658 819 692 tlt-qest&

67 701 174 740 ἄκαιρον
190 703 317 739 νομιζέτω
331 702 377 737 τὴν
393 702 552 740 συμὸουλήν.
569 702 620 730 Καὶ
635 703 685 742 γὰρ
701 703 780 742 ἔφθην
794 706 833 733 εἷ-

67 746 134 780 πὼν,
147 747 187 775 ὅτι
210 749 238 775 οὐ
265 747 332 785 μετὰ
357 747 419 776 δέκα
441 747 485 776 καὶ
511 746 592 776 εἴκοσι
617 749 719 788 ἡμέρας
745 749 832 787 μόνον,

68 792 137 821 ἀλλὰ
151 804 196 821 και
213 793 280 830 μετὰ
299 793 361 822 δέκα
377 805 422 822 και
439 793 521 822 εἴκοσι
536 793 581 827 ἔτη
604 794 710 823 δυνατὸν
732 807 832 835 νεοφιι-

66 837 168 871 τίστους
183 839 272 867 καλεῖν
286 850 344 871 τους
369 838 569 877 μεμυημένους,
593 838 636 868 ἐὰν
659 840 768 895 νήςρικι.
785 841 834 875 Τίς

67 885 111 912 οὖν
135 883 165 912 ἂν
188 884 288 923 γένοιτο
307 885 370 923 πρὸς
384 896 489 917 τουτους
507 884 600 924 ἀρίστη
621 886 786 940 παραίνεσις,
801 889 834 916 Εἰ

67 931 112 957 τοῦ
125 929 222 967 τρόπου
236 941 284 963 της
294 929 436 968 γεννήσεως
450 929 542 963 αὐτους
566 931 774 970 ἀναυ.νησαιμεν,
789 945 834 961 και

67 976 112 1003 τοῦ
124 974 250 1014 προτέρου
259 998 266 1011 ,
279 975 323 1003 καὶ
334 977 378 1003 τοῦ
390 975 508 1014 δευτέρου
519 997 526 1010 ,
540 978 585 1004 τοῦ
600 980 721 1015 φυσικοῦ,
733 979 777 1006 καὶ
788 981 833 1007 τοῦ

67 1023 260 1058 πνευματικοῦ,
275 1020 319 1049 καὶ
335 1020 360 1049 τί
381 1020 411 1049 τὸ
433 1020 511 1058 μέσον
530 1021 653 1061 ἑκατέρας
674 1025 720 1058 τῆς
738 1024 832 1062 γεννή-

67 1076 132 1098 σεως
148 1065 287 1104 δείξαιμεν.
308 1068 414 1095 Μᾶλλον
428 1067 455 1095 δὲ
471 1069 499 1096 οὐ
519 1068 556 1095 δεῖ
569 1069 631 1106 παρ’
654 1071 729 1107 ἡμῶν
743 1070 833 1104 αὐτοὺς

66 1113 150 1139 ταῦτα
166 1111 303 1149 μανθάνειν
313 1123 318 1129 ·
335 1111 433 1144 αὐτὸς
424 1124 437 1140 ο
448 1115 494 1147 τῆς
512 1114 620 1151 βροντης
630 1126 682 1146 υιος
698 1127 757 1153 περι
769 1127 831 1143 του-

68 1168 119 1184 των
145 1158 232 1189 αὐτοῖς
261 1156 420 1192 διαλεξεται,
448 1159 462 1185 ὁ
484 1159 618 1194 ἀγαπητὸς
642 1162 686 1187 τοῦ
715 1161 831 1199 Χριστοῦ

67 1201 198 1236 Ἰωάννης.
212 1202 247 1230 'li
260 1205 302 1230 οὖν
318 1214 361 1231 εκε
362 1202 414 1235 ῖνός
428 1214 520 1241 φησιν;
535 1202 645 1232 ⁰060:
632 1204 658 1232 οὲ
678 1204 770 1234 §zema
787 1218 831 1234 αυ-

65 1247 123 1282 τὸν,
145 1248 224 1276 ἔδωκε
228 1260 240 1275 ν
264 1249 350 1280 αὐτοῖς
370 1248 486 1280 ἐξουσίαν
508 1248 586 1277 τέκνα
609 1252 678 1278 Θεοῦ
699 1251 830 1290 γενέσθαι·

65 1295 121 1320 εἶτα
137 1292 342 1330 ἀναμιμνήσκων
359 1292 449 1325 αὐτοὺς
471 1305 516 1328 της
531 1295 659 1334 προτέρας
672 1309 830 1334 γεννησεως,

65 1337 135 1366 καῖ’
125 1349 153 1367 εκ
174 1337 334 1377 συγκρίσεως
347 1350 377 1366 το
396 1339 488 1376 σεμνὸν
509 1341 556 1374 τῆς
570 1341 704 1378 παρούσης
723 1342 831 1382 χάριτος

66 1383 271 1422 ἐνδεικνύμενος,
284 1383 350 1412 οὕτω
366 1383 444 1422 φησί·
461 1384 496 1414 Οἳ
516 1386 561 1414 οὐκ
580 1385 606 1418 ἐξ
621 1387 738 1424 αἱμάτων
749 1411 756 1424 ,
771 1388 830 1417 οὐδὲ

65 1431 93 1458 ἐκ
107 1429 251 1467 θελήματος
263 1429 369 1468 ἀνδρὸς,
382 1431 439 1458 ἀλλ’
452 1431 481 1458 ἐκ
495 1432 564 1459 Θεοῦ
579 1432 761 1469 ἐγεννήθησαν.
772 1433 829 1462 Ἑνὶ

65 1475 162 1513 ῥήματι
178 1476 262 1503 αὐτῶν
280 1474 358 1508 ἔδειξε
369 1474 417 1509 τὴν
433 1475 572 1513 εὐγένειαν.
585 1476 622 1505 Ὢ
636 1480 756 1517 καθαρῶν
768 1479 829 1508 ὠδί-

62 1532 127 1548 νων·
146 1520 168 1548 ὢ
182 1522 364 1558 πνευματικῶν
380 1520 475 1549 τόκων·
493 1523 514 1549 ὢ
532 1524 627 1551 καινῶν
640 1525 811 1563 λοχευμάτων
822 1537 827 1542 ·

62 1567 144 1606 χωρὶς
162 1567 264 1606 μήτρας
288 1567 426 1606 σύλληψις,
451 1568 532 1608 χωρὶς
556 1570 668 1608 γαστρὸς
690 1570 827 1609 γέννησις,

61 1613 143 1652 χωρὶς
164 1613 259 1652 σαρκὸς
280 1612 369 1648 τόκος,
391 1613 467 1647 τόκος
489 1616 679 1653 πνευματικὸς,
699 1617 774 1651 τόκος
798 1620 827 1648 ἐκ

61 1659 168 1698 χάριτος
189 1659 234 1688 καὶ
250 1659 445 1698 φιλανθρωπίας
466 1662 548 1695 Θεοῦ,
572 1661 646 1695 τόκος
669 1664 826 1703 εὐφροσύνης

59 1705 149 1743 γέμων
163 1706 207 1733 καὶ
220 1709 312 1745 χαρᾶς.
328 1705 398 1734 Ἀλλ’
418 1707 446 1734 οὐ
462 1709 574 1740 τοιοῦτος
589 1709 601 1736 ὁ
614 1709 752 1748 πρότερος,
767 1712 817 1739 ἀλλ

60 1751 113 1779 ἀπὸ
127 1751 226 1789 θρήνων
244 1751 298 1790 ἔχει
310 1751 357 1786 τὴν
374 1751 468 1791 ἀρχήν.
484 1752 523 1781 Τὸ
537 1752 587 1792 γὰρ
602 1754 704 1784 παιδίον
730 1758 759 1785 ἐκ
780 1759 827 1792 τῆς

61 1796 163 1835 μήτρας
176 1797 320 1825 ὁλισθαῖνον
333 1797 402 1825 καὶ’
391 1809 420 1826 εκ
434 1799 481 1832 τῆς
495 1799 585 1834 νηούος
606 1801 825 1841 καταφερόμενον,

59 1841 165 1880 πρώτην
194 1842 281 1882 φωνὴν
308 1842 374 1880 μετα
403 1843 521 1883 δακρύων
546 1845 683 1882 ἕκὸοίλλει,
706 1848 825 1888 καθαπερ

58 1887 97 1921 τίς
122 1900 200 1927 ,ρησι-
222 1888 336 1927 Πρώτην
360 1889 448 1929 φωνὴν
473 1890 521 1925 τὴν
543 1891 634 1929 ὁμοίαν
658 1893 755 1922 ἅπασιν
780 1895 824 1924 ἴσα

58 1933 166 1963 κλαίων.
186 1934 238 1963 Διὰ
257 1934 356 1973 θρήνων
367 1935 418 1974 γὰρ
432 1938 448 1970 ἡ
470 1936 567 1970 εἴσοδος
581 1939 616 1970 εἰς
639 1950 682 1966 τον
699 1939 764 1977 βίον,
780 1940 823 1969 διὰ

58 1979 176 2018 δακρύων
197 1980 336 2019 προοίμια,
350 1983 396 2015 τῆς
411 1981 510 2020 φύσεως
532 1982 561 2011 τὸ
582 1983 676 2020 με’λλον
700 1986 822 2024 ὀδυνηρὸν

57 2025 304 2065 προαναφωνούσης.
319 2026 355 2055 Τί
369 2026 453 2055 κλαίει
465 2028 493 2056 τὸ
507 2028 610 2058 παιδίον
626 2031 661 2062 εἷς
672 2033 725 2069 φῶς
736 2032 822 2067 ἐλθόν,

57 2070 108 2098 Διὰ
120 2073 196 2098 τοῦτο
205 2083 211 2088 ·
227 2071 277 2109 πρὸ
292 2071 338 2108 μὲν
349 2073 396 2105 τ’ἧς
411 2072 540 2111 ἁμαρτίας
550 2073 636 2112 ἔλεγεν
649 2078 662 2103 ὁ
665 2077 757 2130 Θεὸς,
769 2080 821 2107 Αὐ-

57 2114 175 2150 ξοίνεσθε,
192 2116 236 2145 καὶ
253 2116 429 2152 πληθύνεσθε,
443 2117 507 2156 ὅπερ
526 2117 680 2158 εὐλογίας
663 2133 712 2155 ην·
733 2122 762 2150 τὸ
776 2122 820 2157 δε,

53 2160 100 2190 Ἔν
122 2162 216 2194 λύπαις
237 2162 297 2200 τέξῃ
321 2162 414 2197 τέκνα,
431 2163 498 2200 μετὰ
524 2164 571 2198 τὴν
597 2166 737 2205 ἁμαρτίαν,
757 2180 821 2208 οπερ

52 2207 204 2246 τιμωρίας
190 2209 310 2242 ην.οὐ
296 2207 396 2246 οοίκρυα
406 2208 433 2237 δε
443 2210 467 2236 ἐν
479 2211 510 2247 τῇ
521 2221 659 2249 γεννησει
655 2211 740 2248 μόνον,
752 2215 818 2243 ἀλλὰ

52 2252 97 2281 και
113 2252 252 2292 σπάργανα
267 2253 311 2282 καὶ
337 2253 435 2292 δεσμοί·
458 2254 557 2292 δακρυα
579 2258 605 2285 ἐν
629 2269 661 2295 τῃ
684 2260 817 2296 γεννησει,

51 2298 153 2337 δάκρυα
165 2301 190 2328 ἐν
203 2299 322 2338 θανάτῳ·
335 2299 474 2338 σπάργανα
489 2302 514 2329 ἐν
528 2302 648 2340 γεννήσει
660 2326 666 2339 ,
680 2305 818 2344 σπάργανα

51 2344 78 2371 ἒν
89 2344 207 2383 θανάτῳ·
219 2344 262 2372 ἵνα
277 2344 361 2383 μάθῃς
373 2344 412 2373 ὅτι
431 2346 495 2384 πρὸς
510 2346 620 2376 θάνατον
640 2351 656 2383 ἡ
675 2349 727 2385 ζωὴ
749 2350 814 2387 αὕτη

50 2390 170 2428 τελευτᾷ,
185 2390 229 2418 καὶ
245 2390 310 2429 πρὸς
323 2391 406 2419 ἐκεῖνο
424 2393 598 2432 καταστρέφει
609 2394 639 2423 τὸ
649 2395 730 2428 τέλος.
747 2396 814 2426 Ἀλλ’

50 2436 98 2473 οὐχ
108 2437 124 2469 ἡ
139 2435 256 2473 γέννησις
267 2435 341 2471 αὕτη.
355 2437 479 2474 Οὐδαμοῦ
493 2438 591 2477 δάκρυα
603 2451 648 2468 και
660 2441 815 2481 σπάργανα,

50 2480 117 2508 ἀλλὰ
128 2481 268 2516 λελυμένος
282 2483 295 2509 ὁ
307 2482 451 2520 γεννηθεις,
465 2483 509 2512 καὶ
526 2485 590 2522 πρὸς
613 2487 715 2524 ἀγῶνας
729 2500 813 2527 παρε-

50 2536 238 2563 σκευασμενος·
250 2526 293 2555 διὰ
303 2530 378 2556 τοῦτο
393 2529 482 2567 ἄφετοι
494 2531 517 2558 οἱ
530 2530 606 2564 πόδες
618 2544 662 2560 και
672 2535 698 2562 αἱ
712 2538 798 2573 χεῖρες
808 2559 814 2570 ,

48 2570 89 2598 ι’να
104 2571 184 2609 τρέχῃ
197 2572 379 2611 καιπυκτεύῃ·
393 2575 505 2612 ουοαυιοῦ
518 2578 627 2615 θρῆνος,
642 2579 782 2617 οὐδαμοῦ
768 2590 811 2609 οα-

846 182 926 204 nent.
959 183 988 204 ΙΝ
1020 184 1162 205 ΙἸΗᾸΕΙΡ.
1194 185 1362 207 AC'rOtttwt.
1395 187 1441 208 lll.

1555 187 1598 222 07

888 243 950 271 (lere
964 244 1060 282 quavis
1082 245 1145 273 tuba
1164 245 1315 283 clariorem,
1326 253 1350 274 et
1367 247 1391 274 in
1406 247 1488 276 multa
1504 259 1599 288 pompa

888 289 948 317 illos
963 289 1042 317 fuisse
1054 300 1084 318 ac
1096 290 1238 329 splendore
1247 291 1382 319 decoratos
1391 292 1404 319 3'

928 336 955 362 (ἰ.
969 336 1027 363 .lam
1044 346 1128 374 operte
1149 336 1264 375 pretinm
1286 337 1365 364 suerit
1379 343 1403 365 et
1423 348 1513 365 omnes
1539 339 1599 367 illo-

888 391 949 408 rum
964 391 1003 408 res
1020 382 1144 420 przcelare
1152 389 1237 419 gestas
1253 382 1409 418 indicare,et
1420 394 1479 421 qua:
1495 383 1601 412 illorum

887 425 913 453 in
927 426 1018 454 orbem
1034 433 1164 455 terrarum
1179 434 1281 456 exstent
1291 428 1428 456 beneficia.
1439 430 1505 457 Nam
1516 436 1540 457 et
1553 429 1603 457 hoc

888 471 1092 509 magistratuum
1107 480 1154 508 est,
1170 480 1198 501 ιιι
1215 484 1265 501 non
1279 474 1378 502 honore
1390 481 1492 503 tantum
1508 475 1602 503 fruan-

888 524 942 552 tur,
955 517 1000 545 sed
1017 525 1041 546 et
1058 518 1170 547 multam
1182 519 1389 547 sollicitudinem
1401 527 1425 548 et
1440 531 1529 549 curam
1541 532 1603 559 erga

887 563 1011 592 subditos
1023 575 1077 603 pra‘
1086 575 1113 591 se
1124 565 1217 592 sci-ant.
1226 564 1339 604 Sedjam
1357 565 1432 604 plura
1448 566 1517 594 dieta
1531 574 1601 603 sunt,

888 619 966 646 quam
992 609 1138 648 oportebat.
1157 610 1289 645 Quocirca
1313 611 1347 639 ad
1371 611 1453 639 atium
1475 611 1600 641 disserens
1638 619 1670 640 Art
1685 627 1754 647 nupm

851 665 869 688 (ζ
887 653 935 682 ista
947 661 1102 691 tractatum,
1120 662 1145 683 et
1159 655 1191 684 ad
1207 665 1297 684 eorum
1313 656 1536 694 cohortationem,
1552 658 1598 696 qui
1620 650 1755 671 ¹¹¹''“'³'¹“¹''⁴

887 709 972 738 nuper
982 700 1124 728 illuminati
1136 708 1208 737 sunt,
1218 701 1357 730 traducere
1367 714 1512 731 sermonem
1521 714 1600 732 cona-

886 745 944 774 bor.
961 747 1044 775 Nemo
1060 753 1148 775 autem
1163 747 1304 776 consilium
1319 748 1453 777 existimet
1468 749 1602 789 intempe<

887 791 1067 831 stivumtjam
1087 793 1157 821 enim
1172 793 1231 822 dixi
1247 804 1298 822 non
1315 794 1394 823 modo
1406 802 1464 834 post
1478 795 1568 825 decem
1578 804 1603 825 et

887 837 984 877 viginti
1001 838 1067 874 dies,
1083 839 1128 867 sed
1143 847 1168 868 et
1183 847 1242 879 post
1258 840 1350 869 decem
1365 848 1389 869 et
1407 853 1416 869 x
1427 841 1503 879 iginti
1519 853 1602 872 annos

887 894 964 922 posse
978 895 1062 923 nuper
1074 884 1238 914 illuminatos
1250 887 1338 915 vocari
1351 898 1403 923 eos,
1412 887 1457 925 qui
1469 889 1604 927 mysteriis

887 929 985 958 initiati
1009 937 1081 967 sunt,
1100 930 1122 958 si
1145 931 1239 969 vigiles
1262 939 1286 960 et
1312 932 1394 960 sobrii
1417 933 1524 962 fuerint.
1541 936 1601 969 Qua

887 975 971 1013 igitur
982 975 1082 1014 optima
1104 975 1138 1004 ad
1159 976 1218 1005 illos
1241 978 1422 1007 cohortatione
1436 980 1559 1008 utemur?
1572 980 1602 1008 Si

887 1021 1014 1049 nimirum
1030 1021 1063 1049 iis
1077 1021 1187 1050 modum
1196 1023 1344 1052 nativitatis
1357 1024 1381 1052 in
1397 1025 1551 1053 memoriam
1563 1037 1602 1053 re-

889 1077 1023 1103 vocemus,
1040 1073 1065 1095 et
1080 1067 1196 1105 priorem
1212 1075 1238 1096 et
1254 1069 1437 1107 posteriorem,
1453 1071 1602 1099 naturalem

886 1123 916 1141 ac
931 1113 1113 1152 spiritualem,
1130 1120 1156 1142 et
1177 1114 1311 1152 quodnam
1326 1114 1360 1142 sit
1379 1115 1448 1143 inter
1461 1123 1602 1155 utramque

886 1158 1054 1187 nativitatem
1076 1159 1231 1195 discrimen,
1255 1160 1433 1189 ostendamus.
1459 1162 1518 1191 Imo
1541 1173 1602 1191 vero

850 1212 868 1234 t)
886 1214 990 1232 neeesse
1004 1215 1056 1233 non
1071 1211 1121 1241 est,
1139 1211 1168 1233 ut
1183 1216 1215 1233 ex
1235 1205 1312 1234 nobis
1338 1206 1378 1234 illi
1404 1206 1453 1235 ista
1476 1207 1600 1236 discant:

886 1249 942 1288 ipse
965 1250 1076 1278 tonitrui
1098 1250 1173 1278 fitius
1187 1250 1221 1278 de
1235 1250 1276 1279 his
1291 1251 1361 1290 ipsos
1377 1251 1541 1287 admonebit,
1555 1253 1601 1281 di-

886 1294 968 1323 lectus
985 1295 1084 1324 Christi
1100 1297 1225 1325 Joannes.
1243 1295 1317 1330 Quid
1341 1297 1422 1335 igitur
1446 1297 1491 1326 ille
1514 1298 1601 1327 dicit?

889 1341 1034 1379 Quotquot
1059 1347 1156 1369 autem
1178 1349 1346 1380 νσειρονιιηῑ
1368 1353 1444 1379 eum,
1463 1344 1542 1372 dedit
1561 1354 1752 1377 eaesluan.1.iz.

883 1385 1144 1424 potestatemfilios
1156 1386 1306 1425 Deificri:
1301 1386 1411 1415 ·deinde
1420 1388 1536 1426 priorem
1547 1389 1601 1417 illis

883 1430 1050 1459 nativitatem
1066 1431 1091 1458 in
1105 1432 1262 1460 memoriam
1284 1443 1427 1469 tevoeans,
1443 1441 1467 1462 et
1482 1445 1516 1463 ex
1526 1446 1600 1464 eom-

882 1476 1019 1515 potatione
1041 1476 1207 1505 sanctitatem
1231 1488 1262 1506 ac
1282 1477 1442 1516 (lignitatem
1464 1481 1600 1519 ptaesentis

882 1521 974 1559 gratiae
995 1521 1143 1557 declarans,
1158 1522 1196 1551 sic
1207 1523 1260 1551 ait:
1276 1523 1332 1561 Qui
1353 1534 1412 1552 non
1426 1536 1462 1553 ex·
1480 1529 1599 1565 sangui—
1609 1534 1678 1554 Joan.
1689 1534 1748 1555 1³3.

882 1568 975 1601 nibus,
992 1577 1083 1606 neque
1095 1578 1131 1595 ex
1145 1568 1300 1596 ‘voluntate
1321 1571 1392 1605 viri,
1413 1571 1466 1598 sed
1484 1582 1520 1599 ex
1535 1572 1598 1600 Deo

881 1614 946 1640 nati
959 1619 1035 1641 sunt.
1053 1613 1114 1641 Uno
1131 1613 1213 1642 verbo
1230 1614 1397 1643 nobilitatem
1414 1616 1522 1645 illorum
1546 1628 1597 1647 ex-

879 1658 982 1697 pressit.
995 1659 1018 1686 O
1034 1658 1134 1687 munda
1154 1659 1271 1690 natalia!
1283 1670 1298 1688 o
1309 1660 1461 1700 spirituales
1481 1669 1573 1702 partus
1587 1663 1595 1693 l

1610 683 1739 702 cohortatio.

820 1711 826 1722 ’
843 1720 862 1743 Ε
879 1714 895 1733 o
911 1715 980 1733 nova
1002 1705 1164 1744 puerperia!
1191 1705 1248 1734 sine
1271 1713 1347 1735 utero
1371 1709 1518 1747 conceptio,
1540 1709 1598 1738 sine

879 1757 971 1780 ventre
987 1751 1123 1788 nativitas,
1138 1751 1194 1780 sine
1205 1762 1283 1781 carne
1296 1760 1399 1792 partus⁷
1412 1761 1504 1793 partus
1516 1755 1596 1794 spiri-

879 1796 975 1831 tuales,
991 1804 1083 1836 partus
1097 1808 1132 1826 ex
1148 1798 1234 1836 gratia
1249 1805 1274 1827 et
1288 1799 1451 1838 benignitate
1466 1801 1524 1836 Dei,
1538 1812 1597 1840 par-

879 1849 922 1871 tus
943 1843 1042 1872 laetitiae
1062 1843 1158 1882 plenus
1172 1851 1196 1872 et
1211 1844 1314 1883 gaudii.
1333 1847 1367 1874 At
1382 1846 1426 1874 ille
1448 1847 1522 1885 prior
1535 1847 1596 1876 talis

877 1888 987 1917 minime
1012 1889 1074 1926 fuit,
1089 1889 1135 1918 sed
1147 1900 1162 1918 a
1174 1889 1298 1919 lamentis
1312 1891 1420 1919 initium
1438 1891 1528 1921 duxit.
1547 1893 1593 1921 Si—

877 1934 987 1971 quidem
1004 1934 1051 1963 ubi
1066 1935 1165 1974 prodiit
1180 1935 1267 1964 infans
1292 1946 1326 1964 ex
1347 1943 1421 1965 utero
1436 1943 1460 1965 et
1483 1948 1516 1966 cx
1531 1938 1593 1967 alvo

877 1979 994 2018 dejectus
1008 1987 1057 2015 est,
1073 1980 1188 2018 primam
1204 1991 1264 2008 eum
1279 1980 1408 2020 lacrymis
1422 1992 1513 2010 vocem
1529 1983 1593 2012 mit-

877 2024 917 2060 tit,
932 2031 1011 2062 prout
1026 2024 1096 2052 dixit
1111 2024 1244 2063 quispiam
1258 2027 1407 2054 :Primam
1431 2038 1531 2056 vocem
1554 2031 1591 2057 si-
1603 2038 1658 2068 Sap.
1671 2047 1692 2068 7.
1704 2041 1726 2062 3.

877 2070 973 2097 milam
1003 2071 1135 2098 omnihus
1155 2081 1236 2109 aeqzte
1253 2071 1385 2108 plorans.
1410 2073 1462 2102 Per
1476 2074 1591 2104 lamenta

875 2114 1009 2152 siquidem
1039 2115 1173 2154 ingressus
1204 2115 1231 2144 in
1259 2116 1354 2154 vitam,
1384 2128 1432 2156 per
1458 2119 1592 2160 lacrymas

875 2160 998 2198 exordia,
1013 2160 1078 2189 dum
1091 2161 1194 2189 futuras
1209 2161 1344 2191 molestias
1356 2170 1449 2192 natura
1463 2176 1589 2204 praenun-

836 2193 857 2242 ᾗ,
874 2206 1003 2234 tiat.Cu1·
1019 2207 1107 2246 plmat
1121 2207 1207 2236 infans
1223 2218 1284 2236 cum
1300 2208 1356 2237 exit
1368 2209 1395 2238 in
1408 2209 1510 2239 lucem.
1504 2211 1517 2229 ‘³
1533 2212 1590 2240 Hac

871 2252 905 2280 de
919 2263 1010 2281 causa:
1020 2260 1080 2281 ante
1104 2261 1241 2292 peccatum
1257 2254 1367 2293 quidem
1382 2255 1488 2286 dicebat
1503 2259 1586 2296 Deus,

859 2299 1007 2333 crescite,
1026 2305 1054 2327 et
1066 2300 1314 2338 multiplicamini,
1329 2300 1400 2339 quod
1412 2310 1468 2331 erat
1481 2303 1588 2333 benedi·
1602 2307 1656 2328 Gen.
1671 2314 1688 2329 ¹·
1700 2308 1737 2330 28-

870 2343 1058 2372 ctioniszillud
1074 2351 1174 2381 autem,
1189 2347 1226 2373 In
1246 2346 1347 2374 dolore
1372 2349 1469 2386 paries
1487 2349 1584 2388 filios,
1601 2358 1656 2377 Gen.
1669 2357 1690 2380 3.
1703 2357 1736 2378 ισ.

870 2395 929 2428 post
945 2396 1083 2429 peceatum
1094 2389 1198 2418 dictum
1210 2397 1258 2427 est,
1271 2390 1344 2429 quod
1359 2399 1414 2420 erat
1427 2404 1520 2432 poenae.
1534 2396 1588 2423 Ne-

869 2445 920 2473 que
939 2445 1003 2464 vero
1018 2435 1146 2475 lacrymae
1160 2435 1188 2464 in
1206 2436 1345 2465 nativitate
1362 2444 1474 2473 tantum,
1494 2439 1541 2468 sed
1562 2447 1587 2468 et

867 2480 954 2509 fasciae
981 2487 1006 2509 et
1031 2481 1137 2510 vincula
1153 2492 1160 2509 z
1172 2481 1299 2521 lacrymae
1326 2482 1352 2511 in
1378 2483 1527 2521 nativitate,
1544 2485 1587 2513 la-

869 2542 969 2571 crymae
990 2531 1016 2560 in
1031 2538 1115 2560 morte
1127 2532 1228 2561 :faseiae
1246 2533 1271 2561 in
1287 2533 1436 2571 nativitate,
1458 2535 1546 2564 sasciae
1559 2536 1584 2564 in

870 2589 968 2611 morte:
978 2589 1006 2610 nt
1022 2582 1155 2621 intelligas
1175 2582 1258 2613 vitam
1272 2583 1341 2612 haue
1350 2584 1376 2612 in
1389 2591 1502 2614 mortem
1515 2585 1585 2615 desi-
