1843 2810
56 1498 118 1517 Anno
142 1497 197 1518 sorte

54 1527 108 1556 407-

206 257 345 286 aggressus
360 256 414 275 esse
436 246 598 275 censebatur.
614 248 668 275 Nec
681 254 767 275 tamen
781 246 919 285 quidpiam

207 292 303 320 horum
317 302 378 320 eum
387 291 492 329 terruit,
505 291 583 329 eique
593 292 723 330 persuasit
738 299 767 319 ut
778 291 922 319 acerbitate

208 338 235 366 in
249 337 339 377 ipsum
355 344 480 365 uteretur.
496 338 601 367 Verum
615 337 697 365 simul
711 343 734 365 et
749 347 798 375 per
813 336 920 364 calami-

208 390 272 412 tates
290 383 349 412 viro
360 383 432 422 justo
447 392 548 411 coronae
563 382 729 418 texebantur,
744 389 769 410 et
781 382 831 410 Dei
843 382 922 410 auxi-

206 429 274 457 lium
287 429 436 467 largissime
451 428 500 466 ipsi
516 427 819 466 afssuel)at.Longi01-em
833 427 922 456 adhuc

207 473 345 512 epistolam
363 473 448 500 facere
467 470 624 509 cupiebam:
646 470 692 499 sed
705 471 767 509 quia
784 471 841 500 haec
857 481 922 509 quo-

206 529 268 557 que,
289 529 347 557 quae
361 517 467 556 scripsi,
484 516 601 555 epistolae
621 516 731 545 modum
746 517 825 555 longe
840 527 920 556 supe-

206 572 276 600 rant,
299 565 343 593 hic
362 565 442 592 finem
464 563 599 592 scribendi
624 563 729 599 faciam,
748 563 817 592 illud
838 564 923 592 abste

206 618 308 650 petens,
334 609 407 648 quod
431 619 577 647 numquam
598 616 687 648 petere
707 609 806 646 destiti,
829 620 925 648 nempe

207 663 236 684 ut
251 663 275 684 et
290 665 429 684 moerorem
443 654 564 694 abjicias,
579 661 604 683 et
618 654 690 693 quod
707 665 810 694 semper
819 655 903 684 fecisti
913 677 922 691 7

207 713 254 730 nec
276 702 361 730 facere
383 700 494 737 desinis,
510 700 559 728 Dei
581 700 695 739 gloriam
716 700 869 740 praedicare,
893 712 925 730 ac

206 748 239 776 de
255 747 384 786 gravibus
401 753 425 774 et
445 745 547 774 acerbis
569 746 694 774 omnibus
715 746 758 775 his
776 746 855 775 rebus
874 745 925 786 ipsi

207 793 304 831 gratias
322 802 400 831 agere
416 802 449 820 ne
472 791 643 820 intermittas.
658 792 715 820 Hac
734 792 804 820 enim
823 792 927 821 ratione

206 846 263 866 tum
280 838 336 876 ipsa
351 838 471 865 maxima
483 837 554 865 bona
574 837 715 876 percipies,
732 844 789 866 tum
803 838 923 866 mortife-

207 895 267 912 rum
287 883 395 912 diabolo
409 883 508 912 vulnus
523 882 638 921 infliges,
658 890 716 911 tum
734 883 812 912 nobis
828 884 924 922 ingen—

206 935 259 956 tem
278 927 486 956 consolationem
505 927 613 963 afferes,
637 934 662 956 et
680 927 801 955 moeroris
823 928 922 956 nubem

206 973 280 1002 nullo
292 973 399 1012 negotio
409 972 543 1001 discutere
552 983 582 1001 ac
590 972 623 1001 dc
634 972 721 1001 medio
730 973 831 1009 tollere,
844 984 925 1012 pura-

211 1030 262 1058 que
270 1017 462 1056 tranquillitate
473 1018 525 1046 frui
542 1019 648 1058 poteris.
659 1018 790 1053 Quocirca
806 1029 854 1047 nce
868 1019 925 1047 ani-

206 1075 249 1093 mo
269 1064 455 1102 elanguescaS,'
463 1075 556 1093 verum
572 1064 607 1092 ab
624 1064 676 1092 hoc
696 1064 770 1092 fumo
785 1074 885 1093 emersa
901 1072 925 1093 et

204 1111 335 1148 liberata(
351 1120 456 1138 omnem
478 1110 549 1138 enim
567 1110 640 1138 hunc
661 1120 810 1145 moerorem,
832 1110 853 1138 si
876 1121 925 1139 vo-

204 1156 293 1189 lucris,
312 1155 386 1183 fumo
407 1155 486 1183 citius
505 1155 676 1194 dissipabis),
702 1155 736 1184 de
758 1155 808 1183 hac
831 1166 860 1184 ne
880 1165 926 1184 nos

205 1211 312 1229 rursum
326 1201 450 1229 certiores
466 1201 546 1229 facias
559 1213 564 1228 :
586 1208 614 1229 ut
634 1201 696 1238 licet
710 1202 811 1240 alioqui
831 1200 926 1241 procul

204 1259 218 1274 a
235 1254 259 1275 te
276 1247 379 1284 remoti,
397 1257 521 1285 magnam
539 1254 626 1275 tamen
643 1258 676 1276 ex
691 1247 849 1286 hujusmodi
865 1247 926 1275 lite-

206 1293 242 1321 ris
253 1293 461 1322 consolationem
475 1293 619 1331 capiamus.

527 186 554 207 s.
583 186 721 208 sommis
748 180 828 208 cuni
838 185 928 207 sosr.

396 1392 448 1419 Ad
457 1391 584 1419 eamdem
595 1393 675 1429 epist.
687 1393 737 1419 IV.

248 1485 276 1511 1.
295 1484 334 1511 De
352 1483 449 1511 hiemis
470 1483 626 1519 acrimonia,
648 1490 672 1511 et
694 1482 822 1511 stomachi
840 1483 922 1511 nostri

208 1528 402 1565 imbecillitate,
421 1535 500 1566 atque
519 1528 642 1556 isauricis
659 1527 864 1564 incursionibus,
883 1528 922 1556 ni-

207 1574 247 1602 hil
259 1581 296 1602 est
310 1573 381 1611 quod
394 1573 474 1601 nostri
491 1584 568 1601 causa
582 1573 696 1602 sollicita
706 1573 750 1610 sis,
762 1574 884 1612 curisque
899 1581 923 1602 te

208 1619 341 1648 conficias.
361 1619 453 1646 Hiems
472 1618 581 1656 quidem
603 1619 662 1654 fuit,
680 1619 765 1657 qualis
787 1619 814 1648 in
832 1622 924 1647 Arme-

208 1664 251 1693 nia
267 1676 322 1693 esse
336 1665 400 1693 solet
416 1676 425 1701 3
442 1675 489 1692 nec
504 1664 575 1692 enim
589 1664 703 1703 amplius
717 1665 866 1703 quidquam
880 1665 923 1693 di-

207 1710 320 1738 cendum
337 1717 393 1747 est3
407 1720 453 1737 nos
473 1716 560 1737 tamen
576 1709 650 1738 haud
664 1720 825 1749 magnopere
836 1710 920 1739 laedit.

209 1756 265 1784 Hoc
273 1755 373 1794 quippe
383 1754 581 1794 prospieientes,
592 1755 625 1783 ad
635 1755 842 1791 incommodum,
850 1756 923 1794 quod

208 1801 271 1829 hinc
281 1800 455 1836 contrahitur,
466 1800 677 1838 propulsandum
687 1802 771 1829 multa
781 1802 922 1830 molimur:

208 1846 335 1874 nimirum
350 1853 374 1874 et
389 1845 476 1884 ignem
490 1852 618 1884 perpetuo
638 1846 816 1883 accendentes,
833 1854 858 1876 et
872 1858 922 1876 cu-
933 1877 966 1894 57¹

209 1892 340 1929 biculum,
353 1891 380 1919 in
403 1901 455 1929 quo
476 1901 683 1927 commoramur,
708 1892 827 1930 undique
849 1893 923 1921 obse·
943 1904 961 1925 Α

210 1937 313 1975 pientes
326 1943 350 1964 et
363 1936 488 1975 pluribus
498 1936 617 1964 vestibus
630 1947 660 1964 ac
671 1937 797 1975 stragulis
811 1945 923 1976 utentes,

210 1990 234 2011 et
250 1982 324 2011 domi
339 1993 443 2021 semper
458 1989 603 2010 manentes.
622 1982 700 2017 Quod
717 1983 764 2011 etsi
780 1984 856 2012 nobis
871 1995 926 2013 mo-

210 2029 305 2056 lestum
319 2035 368 2065 est,
387 2035 473 2056 tamen
485 2027 519 2055 ob
530 2028 635 2056 lucrum
645 2028 717 2066 quod
730 2029 791 2057 hinc
804 2029 925 2068 capimus

212 2073 348 2102 tolerabile
358 2073 551 2108 est.Quamdiu
563 2073 633 2102 enim
646 2073 719 2102 domi
736 2085 782 2103 nos
795 2082 923 2111 tenemus,

209 2119 308 2157 frigore
326 2118 398 2146 haud
415 2118 561 2147 admodum
578 2118 757 2147 divexamur:
773 2120 813 2148 sin
831 2128 925 2149 autem

209 2163 375 2201 aliquantum
391 2164 515 2202 progredi
529 2171 608 2201 atque
628 2165 655 2192 in
670 2171 779 2193 externo
793 2176 851 2194 acre
867 2177 926 2194 ver-

210 2208 263 2236 sari
279 2218 416 2246 cogamur,
431 2218 482 2236 non
498 2220 581 2247 parvo
594 2209 657 2237 hinc
669 2209 829 2239 detrimento
841 2211 925 2239 affici-

211 2264 279 2282 mur.
314 2253 483 2281 )uamubrem
513 2260 538 2281 tc
570 2254 689 2291 obsecro,
722 2262 800 2293 atque
827 2256 925 2284 summi

208 2299 332 2327 beneficii
355 2298 498 2336 gratizequc
514 2298 572 2327 loco
593 2299 621 2327 id
641 2300 688 2327 abs
710 2307 734 2328 te
749 2308 820 2339 peto,
837 2308 865 2330 nt
889 2301 925 2330 ad

208 2343 393 2383 depellendam
407 2343 524 2382 corporis
536 2343 718 2373 infirmitatem
736 2356 859 2384 magnam
873 2358 919 2375 eu-

209 2401 267 2418 ram
288 2396 312 2418 et
334 2389 503 2427 diligentiam
525 2389 653 2417 conferas.
676 2390 783 2419 Etenim
799 2393 923 2421 morbum

209 2435 318 2473 quidem
333 2445 430 2462 moeror
450 2434 529 2463 etiam
544 2434 613 2473 parit
627 2447 632 2462 :
650 2445 711 2463 cum
727 2443 815 2464 autem
828 2447 922 2476 corpus

208 2492 313 2519 quoque
333 2480 469 2509 laboribus
487 2480 646 2515 consectum,
664 2488 687 2509 et
705 2482 804 2510 morbis
823 2482 923 2511 debili-

245 2568 250 2577 =
268 2559 307 2583 Sic
320 2567 404 2583 omncs
416 2558 471 2582 Mss.
485 2559 512 2582 lu
528 2556 605 2581 Editis
619 2556 679 2582 illud
692 2562 761 2584 &uma
775 2563 836 2591 ἡμῶν
849 2559 925 2584 deest.

958 185 977 206 A
984 185 1099 208 RCfflEP
1107 201 1114 207 .
1142 186 1204 207 CON
1210 185 1394 208 STANTINOI‘
1401 200 1408 206 .

975 248 1012 285 τῷ
1029 246 1143 286 διαὸόλῳ
1157 247 1260 286 καιρίαν
1272 247 1363 280 δώσεις
1375 247 1490 286 πληγὴν,
1502 247 1547 275 καὶ
1562 248 1660 282 πολλὴν
1676 250 1739 286 ἡμῖν

976 291 1098 331 παρέξεις
1112 292 1288 332 παράκλησιν,
1300 293 1345 321 καὶ
1355 295 1401 327 τῆς
1415 291 1526 330 ἀθυμίας
1540 293 1570 321 τὸ
1586 293 1659 332 νέφος
1673 293 1740 331 μετὰ

977 339 1075 372 πολλῆς
1091 337 1214 376 ἀφανίσαι
1232 338 1329 377 δυνήσῃ
1343 341 1390 373 τῆς
1409 338 1538 373 εὐκολίας,
1559 338 1603 366 καὶ
1625 341 1741 377 ’καθαρᾶς

979 383 1126 411 ἀπολαῦσαι
1152 382 1275 421 γαλήνης.
1300 383 1346 418 Μὴ
1371 383 1402 419 δὴ
1425 383 1640 420 καταμαλακίζου
1650 405 1657 418 ,
1683 385 1740 412 ἀλλ’

979 429 1150 466 ἀνενεγκοῧσα
1166 428 1219 456 ἀπὸ
1238 431 1283 457 τοῦ
1297 432 1396 458 καπνοῦ
1419 428 1508 457 τούτου
1534 429 1543 467 (
1554 431 1652 457 καπνοῦ
1674 428 1741 466 γὰρ,

979 473 1023 502 ἐὰν
1038 474 1128 512 θέλῃς,
1151 473 1238 514 ῥᾴδιον
1253 474 1431 507 διασκεδάσεις
1453 479 1540 502 πᾶσαν
1562 474 1609 509 τὴν
1629 473 1742 511 ἀθυμίαν

979 520 1107 555 ταύτην),
1129 521 1206 554 δῆλον
1223 522 1298 548 τοῦτο
1313 520 1392 548 πάλιν
1409 519 1517 554 ποίησον
1538 523 1612 557 ἡμῖν,
1635 519 1677 548 ἵνα
1698 520 1742 548 καὶ

979 565 1112 604 πόρρωθεν
1120 566 1201 600 ὄντες,
1211 564 1310 600 πολλὴν
1323 565 1374 594 ἀπὸ
1382 567 1434 593 τῶν
1443 565 1566 594 τοιούτων
1579 565 1742 604 γραμμάτων

981 611 1184 650 καρπωσιί)μεοα
1198 610 1245 646 τὴν
1262 611 1431 650 εὐφροσύνην.

1152 1391 1221 1429 Πρὸς
1241 1390 1286 1426 τὴν
1304 1390 1382 1426 αὐτὴν
1400 1391 1524 1427 ἐπιστολὴ
1540 1391 1570 1420 δ’.

1020 1483 1076 1517 Τῆς
1100 1484 1272 1521 σφοδρότητος
1298 1483 1383 1511 ἕνεκεν
1403 1485 1448 1511 τοῦ
1471 1484 1614 1522 χειμῶνος,
1630 1483 1674 1512 καὶ
1696 1485 1746 1518 τῆς

980 1532 1023 1557 τοῦ
1040 1529 1173 1567 στομάχου
1188 1531 1263 1566 ἡμῶν
1278 1529 1426 1564 ἀσθενείας,
1447 1529 1492 1557 καὶ
1515 1530 1565 1557 τῶν
1588 1528 1743 1567 Ἰσαυρικῶν

979 1575 1161 1614 καταδρομῶν,
1187 1574 1267 1612 μηδὲν
1289 1574 1392 1602 θὲνεκεν
1415 1575 1490 1612 ἡμῶν
1519 1574 1646 1611 μερίμνα,
1677 1574 1744 1611 μηδὲ

980 1620 1115 1648 κατάτεινε
1133 1619 1230 1654 σαυτὴν
1247 1619 1387 1659 φροντίσιν.
1406 1619 1440 1647 ‘O
1461 1619 1507 1657 μὲν
1522 1618 1573 1658 γὰρ
1585 1618 1684 1657 χειμὼν
1698 1619 1744 1657 γέ-

979 1678 1050 1704 γονεν
1061 1661 1112 1694 οἷον
1126 1666 1191 1697 εἰκὸς
1203 1666 1228 1693 ἐν
1240 1665 1362 1703 Ἀρμενίᾳ
1377 1660 1454 1693 εἶναι·
1468 1664 1540 1693 οὐδὲν
1552 1664 1603 1703 γὰρ
1613 1665 1651 1693 δεῖ
1665 1663 1744 1693 πλέον

979 1713 1060 1740 εἰπεῖν
1070 1723 1075 1728 '
1090 1713 1160 1748 ἡμᾶς
1172 1710 1198 1738 δὲ
1211 1711 1239 1739 οὐ
1256 1710 1323 1748 μέγα
1337 1722 1363 1738 τι
1374 1709 1568 1748 παραὸλάπτει.
1584 1711 1677 1738 Ταῦτα
1692 1709 1744 1748 γὰρ

979 1758 1138 1795 προορῶντες
1148 1778 1154 1791 ,
1165 1755 1250 1784 πολλὰ
1264 1754 1444 1794 μηχανώμεθα
1455 1755 1517 1794 πρὸς
1529 1754 1558 1782 τὸ
1569 1754 1617 1789 τὴν
1629 1756 1744 1783 ἐντεῦθεν

980 1801 1182 1841 διακρούσασθαι
1195 1801 1305 1839 βλάὸην,
1316 1799 1361 1828 καὶ
1372 1802 1423 1838 πῧρ
1436 1800 1602 1832 ἀνακαίοντες
1616 1802 1744 1838 συνεχῶς,

980 1848 1023 1876 καὶ
1050 1848 1079 1876 τὸ
1104 1847 1250 1885 δωμάτιον,
1274 1846 1335 1874 ἔνθα
1361 1845 1556 1883 καταμένομεν,
1580 1845 1744 1884 πανταχόθεν

980 1893 1204 1933 περιφράττοντες,
1219 1891 1263 1920 καὶ
1275 1891 1438 1928 ε’πιὸλήμασι
1453 1890 1611 1930 κεχρημένοι
1625 1890 1744 1925 πλείοσι,

980 1940 1024 1967 καὶ
1039 1938 1082 1967 διὰ
1098 1937 1194 1970 παντὸς
1207 1938 1277 1966 ἔνδον
1299 1936 1426 1974 μένοντες.
1443 1935 1532 1974 t'Omp
1548 1936 1603 1964 ἐστὶ
1618 1936 1664 1973 μὲν
1679 1938 1743 1973 ἡμῖν

981 1984 1092 2023 ἐπαχθὲς
1102 2006 1109 2018 ,
1123 1983 1191 2018 πλὴν
1206 1983 1248 2012 διὰ
1265 1983 1295 2011 τὸ
1309 1984 1422 2011 ἐντεῦθεν
1436 1980 1524 2020 κέρδος
1539 1982 1659 2021 φορητόν.
1671 1981 1745 2015 ἽΞως

982 2031 1027 2068 μὲν
1041 2031 1092 2070 γὰρ
1104 2030 1174 2058 ἔνδον
1190 2029 1319 2067 μένωμεν,
1333 2030 1361 2056 οὐ
1377 2027 1476 2067 σφόδρα
1490 2027 1694 2064 κατατεινόμεθα
1706 2030 1744 2067 τῷ

981 2078 1073 2116 κρυμῷ
1084 2088 1090 2093 ·
1105 2075 1149 2104 ἐὰν
1167 2074 1194 2104 δὲ
1215 2075 1419 2112 ἀναγκασθῶμεν
1435 2072 1526 2112 μικρὸν
1542 2074 1685 2111 προελθεῖν,
1700 2073 1744 2102 καὶ

980 2124 1018 2160 τῷ
1039 2121 1088 2154 ἔξω
1114 2122 1239 2158 ὁμιλῆσαι
1263 2118 1337 2157 ἀέρι,
1359 2119 1387 2147 οὐ
1413 2118 1508 2157 μικρὰν
1533 2117 1745 2157 προστριὲόμεθα

982 2167 1091 2205 βλάὸην.
1111 2166 1158 2194 Διὸ
1180 2165 1224 2193 καὶ
1240 2164 1287 2199 τὴν
1302 2163 1443 2201 τιμιότητά
1457 2174 1502 2191 σου
1518 2164 1675 2201 παρακαλῶ,
1700 2163 1745 2191 καὶ

981 2215 1006 2241 ἐν
1027 2212 1151 2251 μεγίστης
1172 2211 1236 2239 αἰτῶ
1253 2210 1359 2249 χάριτος
1381 2210 1469 2247 μέρει,
1491 2207 1591 2242 πολλὴν
1615 2211 1746 2237 ποιεῖσθαι

981 2257 1133 2295 ἐπιμέλειαν
1143 2279 1150 2292 ,
1173 2256 1241 2285 ὥστε
1265 2255 1312 2290 τὴν
1340 2257 1384 2282 τοῦ
1414 2253 1535 2291 σώματός
1560 2265 1605 2282 σου
1629 2254 1743 2293 διορθοῦν

979 2303 1123 2332 ἀσθένειαν.
1141 2303 1215 2330 Ποιεῖ
1233 2300 1278 2338 μὲν
1295 2300 1346 2339 γὰρ
1359 2299 1432 2328 νόσον
1450 2298 1494 2326 καὶ
1509 2298 1606 2335 ἀθυμία
1619 2310 1624 2315 ·
1640 2299 1700 2327 ὅταν
1716 2299 1744 2328 δὲ

978 2348 1022 2377 καὶ
1041 2351 1118 2385 σῶμα
1142 2346 1289 2381 πεπονηκὸς
1310 2341 1327 2384 ᾖ
1349 2344 1394 2373 καὶ
1415 2343 1624 2380 ἐξησθενημένον,
1646 2343 1690 2372 καὶ
1717 2346 1744 2372 ἐν

978 2394 1087 2432 ἀμελείᾳ
1096 2397 1106 2408 “”’
1116 2392 1251 2427 διακέηται
1263 2392 1345 2428 πολλῇ
1353 2413 1360 2424 ,
1372 2389 1416 2418 καὶ
1426 2389 1493 2426 μήτε
1505 2390 1599 2427 ἰατρῶν
1613 2388 1743 2427 ἀπολαύῃ,

979 2439 1044 2476 μήτε
1071 2438 1153 2478 ἀέρων
1173 2435 1326 2476 εὐκρασίας,
1350 2435 1416 2472 μήτε
1443 2436 1488 2468 τῆς
1508 2435 1559 2462 τῶν
1588 2434 1742 2469 ἐπιτηδείων

979 2484 1099 2522 ἀφθονίας
1110 2505 1117 2519 ,
1132 2482 1260 2517 ἐννόησον,
1274 2481 1313 2510 ὅτι
1330 2481 1358 2509 οὗ
1375 2479 1456 2518 μικρὰ
1472 2480 1586 2507 ἐντεῦθεν
1607 2478 1741 2517 προσθήκη

1021 2568 1030 2579 ³
1048 2561 1107 2585 Tres
1121 2561 1176 2585 Mss.
1193 2565 1278 2588 κέηται.
