1843 2810
73 656 138 678 Rom.
148 655 211 679 θαι.

225 172 295 220 574
549 185 576 207 s.
605 184 744 207 sommis
771 181 951 206 cum‘sosr.

224 245 329 284 quodve
340 245 456 285 spatium
470 246 596 286 temporis
605 246 681 274 nobis
693 245 729 274 ad
740 255 831 274 eorum
843 242 934 282 cogui-

223 292 323 320 tionem
336 291 533 330 adipiscendam
545 291 677 320 sufficiet?
689 290 837 329 Atquehaec
847 287 936 317 omnia

223 343 333 376 propter
346 343 371 365 te
385 347 469 365 unum
482 336 588 365 condita
602 343 672 371 sunt,
686 336 723 364 mi
739 336 819 364 homo
827 346 835 372 ;
852 340 877 362 et
893 343 936 361 ar-

225 389 262 410 tes
279 389 388 421 propter
404 389 439 419 te,
455 389 480 410 et
494 382 623 416 instituta,
637 388 661 409 et
678 381 806 417 civitates,
822 386 847 408 et
862 378 935 418 pagi,

225 434 250 455 et
269 437 378 456 somnus
399 434 510 467 propter
535 434 567 463 te,
585 434 609 455 et
630 437 701 454 mors
724 432 833 465 propter
851 431 892 461 te,
912 432 937 453 et

224 472 279 501 vita
298 479 407 511 propter
431 479 467 508 te,
495 479 519 500 et
540 472 660 506 acm-etio,
685 478 838 508 naturaeque
857 480 938 509 opera

225 523 281 546 tam
302 518 405 555 multa,
430 524 455 546 et
481 518 541 546 talis
566 517 611 545 hic
634 515 750 544 mundus
776 522 885 555 propter
914 522 939 544 te

224 573 304 600 nunc,
317 570 341 591 et
355 574 447 591 rursus
462 563 555 591 melior
574 569 682 601 propter
702 568 738 590 te.
754 562 823 589 Nam
843 561 937 589 melio-

224 619 280 636 rem
301 608 378 637 illum
396 609 526 643 futurum,
540 607 619 646 idque
641 614 686 635 tua
707 617 795 641 causa,
806 613 879 646 potes
903 617 937 635 ex

225 653 302 682 Pauli
319 654 408 682 verbis
423 663 579 691 cognoscere
594 664 599 679 z
615 654 654 681 Et
670 655 732 691 ipsa
747 659 882 680 creatura
898 652 936 680 li-

225 700 373 727 berabitur
390 709 409 726 a
430 700 567 727 servitute
581 699 774 736 corruptionis
791 709 799 724 :
816 697 867 725 hoc
886 704 935 733 est,

223 755 257 772 ne
267 744 382 782 amplius
395 744 560 783 corruptioni
575 744 609 772 sit
623 743 748 772 obnoxia.
762 744 836 771 Tum
853 750 881 771 ut
896 744 936 771 in-

222 789 323 817 dicaret
345 799 403 817 eam
423 796 495 817 tanto
512 789 614 817 honore
628 796 673 817 tua
688 799 767 817 causa
781 789 936 817 decoratum

224 835 256 863 iri
279 835 390 873 subjecit
411 846 417 861 :
436 836 472 862 In
497 835 661 863 libertatem
683 835 784 874 gloria>
800 834 937 873 filiorum

223 879 289 906 Dei.
305 877 385 912 Quod
405 878 427 906 si
448 878 528 906 valde
549 878 655 917 prolixa
676 889 727 906 non
747 878 821 906 fieret
838 885 863 906 et
881 888 937 906 mo-

222 923 287 951 dum
312 923 449 952 excederet
467 924 552 952 oratio
571 931 676 961 nostra,
698 923 781 951 multa
799 923 832 952 de
853 930 937 952 morte

222 969 435 1008 philosopharciy
450 976 475 997 et
496 969 523 997 in
550 969 601 998 hoc
621 969 738 998 maxime
760 969 809 997 Dei
830 968 934 1008 sapien·
952 968 970 991 Ε

222 1014 287 1042 tiam
309 1021 332 1042 et
351 1014 546 1053 providentiam
569 1014 724 1051 indicarem,
742 1015 878 1052 multaque
901 1014 935 1043 de

223 1060 407 1099 corruptione,
424 1060 457 1088 de
478 1060 562 1097 sanie,
582 1059 616 1088 de
634 1060 782 1094 vermibus,
800 1067 825 1088 et
848 1060 935 1088 cinere

221 1104 346 1141 dicerem,
363 1116 421 1143 quae
444 1106 613 1144 potissimum
637 1112 784 1143 queruntur
801 1112 825 1133 ct
842 1105 935 1144 deplo-

221 1156 281 1178 rant
297 1150 387 1185 multi,
399 1150 471 1188 quod
484 1151 510 1178 in
521 1150 672 1189 pulverem,
687 1151 713 1178 iu
730 1161 833 1179 vermes
847 1157 935 1180 nostra

222 1206 331 1234 corpora
353 1195 507 1224 resolvenda
522 1196 585 1231 sint,
604 1203 683 1234 atque
697 1195 759 1224 inde
782 1196 867 1235 ipsius
887 1197 937 1225 im-

223 1251 340 1269 mensam
356 1241 552 1280 providentiam
567 1252 598 1270 ac
613 1242 821 1270 sollicitudinem
835 1242 938 1271 indica-

223 1297 320 1314 remus.
334 1287 375 1314 Ab
398 1286 490 1315 eadem
510 1287 581 1315 enim
600 1287 779 1326 providentia,
793 1288 827 1315 ab
845 1287 937 1317 eadem

222 1331 348 1366 bonitate,
360 1343 412 1369 qua
434 1342 482 1360 nos
503 1332 634 1367 condidit,
649 1344 709 1361 cum
729 1332 846 1361 noudum
870 1344 937 1361 esse-

222 1388 290 1413 mus,
301 1377 351 1405 hoc
362 1377 442 1405 etiam
456 1384 602 1416 promanat,
618 1377 688 1416 quod
701 1378 768 1406 mori
786 1389 833 1406 nos
845 1379 935 1417 jusse-

900 1424 905 1429 .
945 1409 981 1428 1⁴82

981 180 1000 202 Α
1007 182 1124 206 ΒΕΗΙΕΡ
1131 197 1138 205 .
1167 183 1420 206 (ΣΟΝΞΤΑΝΤΙΝΟΡ
1427 198 1435 206 .

988 254 1062 272 σεται
1077 244 1128 273 ἀπὸ
1142 246 1189 280 τ’ἦς
1206 245 1321 278 δουλείας
1333 248 1380 281 τῆς
1399 248 1508 285 φθορᾶς·
1523 247 1593 274 τοῦτ’
1609 245 1688 282 ἔστιν,
1703 247 1754 276 ἀπὸ

988 298 1033 324 τοῦ
1047 291 1113 324 εἶναι
1127 296 1237 335 φθαρτή.
1257 298 1320 330 Πῶς
1335 297 1361 326 δὲ
1377 297 1423 326 καὶ
1433 298 1481 332 τῆς
1498 297 1625 333 τοσαύτης
1637 297 1755 326 ἀπολαύ-

989 357 1064 374 σεται
1077 348 1156 384 τιμῆς
1167 346 1211 376 διὰ
1230 346 1258 375 σὲ
1279 348 1363 382 δηλῶν
1379 347 1520 386 ἐπήγαγεν,
1532 349 1579 381 Εἷς
1599 347 1647 383 τὴν
1658 350 1756 378 ἐλευθε-

956 406 974 429 1)
992 396 1049 436 ρίαν
1066 400 1112 433 τῆς
1128 398 1202 433 δόξης
1216 401 1267 427 τῶν
1286 399 1383 428 τέκνων
1403 403 1447 428 τοῦ
1464 402 1544 429 Θεοῦ.
1558 401 1592 429 Εἰ
1607 400 1633 429 δὲ
1649 400 1686 438 μὴ
1703 412 1755 438 μα-

990 449 1052 487 κρὸν
1074 449 1173 488 σφόδρα
1194 449 1238 478 καὶ
1252 450 1318 490 ὑπὲρ
1332 451 1362 480 τὸ
1387 451 1480 491 μέτρον
1496 451 1639 489 ἐποιούμην
1655 451 1698 480 τὸν
1712 451 1757 479 λό-

990 509 1045 536 γον,
1058 498 1143 527 πολλὰ
1158 498 1188 526 ἂν
1203 498 1248 526 καὶ
1263 499 1326 537 περὶ
1339 499 1448 528 θανάτου
1463 499 1640 539 ἐφιλοσόφησα
1649 522 1657 535 ,
1672 500 1717 528 καὶ
1729 501 1757 528 ἐν

989 548 1073 586 τούτῳ
1089 549 1204 587 μάλιστα
1221 549 1349 578 ἐδείκνυον
1363 549 1412 584 τὴν
1436 551 1527 590 σοφίαν
1552 553 1597 580 τοῦ
1621 553 1690 581 Θεοῦ
1711 551 1757 579 καὶ

991 598 1037 633 τὴν
1051 599 1183 638 πρόνοιαν,
1197 599 1242 628 καὶ
1258 599 1343 628 πολλὰ
1357 600 1417 640 περὶ
1432 604 1545 640 φθορᾶς,
1564 602 1624 640 περὶ
1646 603 1757 641 ἰχῶρος,

989 649 1049 688 περὶ
1065 650 1218 686 σκωλήκιον,
1231 650 1274 679 καὶ
1289 651 1349 691 περὶ
1366 652 1461 691 τέφρας
1480 648 1551 681 εἶπον
1567 652 1608 689 ἂν,
1622 653 1688 692 ἅπερ
1700 654 1756 692 μοί-

988 702 1067 730 λιστα
1089 705 1224 742 aymo-‘ku‘
1240 705 1263 732 οἱ
1284 704 1376 732 πολλοὶ
1391 704 1436 732 καὶ
1457 704 1645 744 ἀποδύρονται,
1666 705 1759 738 ὅτιεῖς

988 753 1096 793 τέφραν,
1108 753 1148 782 ὅτι
1161 756 1197 788 εἷς
1213 755 1295 791 κόνιν,
1309 755 1350 785 ὅτι
1373 757 1408 789 εἷς
1422 756 1560 792 σκώληκας
1572 757 1756 792 διαλυθήσεται

988 808 1064 844 ἡμῶν
1079 807 1112 836 τὰ
1129 807 1258 846 σώματα,
1283 810 1419 837 κάντεῦθεν
1444 807 1575 846 ἐδείξαμεν
1590 807 1639 842 τὴν
1657 808 1758 847 ἄφατον

989 860 1066 887 αὐτοῦ
1088 859 1210 898 πρόνοιαν
1226 859 1270 888 καὶ
1289 859 1455 897 κηδεμονίαν.
1470 859 1533 888 Ἀπὸ
1547 859 1599 898 γὰρ
1611 862 1658 894 τ’ῆς
1675 860 1757 894 αὐτῆς

988 910 1124 948 προνοίας,
1140 911 1191 940 ἀπὸ
1214 914 1261 946 τῆς
1283 913 1364 946 αὐτῆς
1386 911 1562 949 ἀγαθότητος,
1589 913 1632 951 ἀφ’
1657 907 1689 946 ἧς
1710 912 1758 940 οὔκ

988 963 1062 994 ὄντας
1076 961 1206 998 ἐποίησεν,
1225 962 1276 991 ἀπὸ
1293 965 1340 998 τῆς
1359 964 1438 998 αὐτῆς
1452 963 1497 992 καὶ
1508 963 1680 998 ἀποθνήσκειν
1693 963 1754 992 ἐκέ-

987 1014 1075 1051 λευσε,
1090 1014 1135 1042 καὶ
1149 1018 1262 1044 τοιοῦτον
1275 1015 1344 1054 ἔχειν
1360 1016 1386 1044 τὸ
1401 1015 1482 1048 τέλος.
1497 1016 1531 1044 Εἷ
1554 1015 1604 1055 γὰρ
1627 1015 1672 1044 καὶ
1696 1014 1754 1043 διά-

987 1079 1053 1106 φορα
1070 1066 1102 1095 τὰ
1117 1067 1254 1105 γινόμενα,
1269 1067 1337 1095 ἀλλὰ
1352 1071 1414 1104 μιᾶς
1428 1068 1491 1096 εἰσιν
1508 1067 1666 1106 ἀγαθότητος
1679 1078 1684 1084 ·
1699 1066 1716 1095 δ’
1727 1079 1756 1095 τε

988 1119 1039 1158 γὰρ
1064 1118 1183 1147 ἀπελθὼν
1207 1119 1278 1147 οὐδὲν
1303 1120 1419 1147 ἐντεῦθεν
1438 1118 1676 1157 παραὸλοίπτεται,
1695 1118 1711 1147 ὅ
1727 1129 1755 1146 τε

991 1174 1039 1205 ζῶν
1054 1171 1088 1199 τὰ
1111 1170 1222 1210 μέγιστα
1245 1172 1359 1199 ἐντεῦθεν
1374 1171 1504 1209 κερδανεῖ,
1519 1172 1544 1199 ἐν
1559 1169 1688 1209 ἀλλοτρίῳ
1702 1169 1756 1198 σώ-

991 1235 1055 1260 ματι
1078 1223 1173 1252 οἰκείαν
1190 1222 1369 1261 καρπούμενος
1383 1221 1518 1261 ὠφέλειαν.
1532 1221 1619 1250 εὈτοιν
1640 1220 1690 1260 γὰρ
1713 1220 1756 1259 ἴδῃ

990 1274 1033 1303 τὸν
1046 1274 1106 1313 χθὲς
1119 1274 1164 1302 καὶ
1177 1273 1268 1313 πρῴην
1284 1273 1342 1311 μετ’
1353 1275 1431 1302 αὐτοῦ
1452 1273 1604 1311 βαδίζοντα,
1617 1276 1706 1301 τοῦτον
1722 1274 1758 1304 εἷς

991 1325 1131 1359 σκώληκας
1155 1324 1321 1362 διαλυόμενον
1334 1324 1379 1353 καὶ
1393 1325 1428 1357 εἷς
1445 1325 1529 1363 ἰχῶρα
1541 1324 1587 1353 καὶ
1602 1324 1697 1363 τέφραν
1711 1324 1758 1352 καὶ

990 1376 1070 1411 κόνιν,
1097 1376 1145 1404 κᾶν
1170 1377 1246 1405 αὑτοῦ
1264 1378 1308 1404 τοῦ
1337 1375 1457 1404 διαὸόλου
1481 1375 1527 1410 τὴν
1547 1375 1672 1404 ἀπόνοιαν
1687 1375 1757 1414 ἔχῃ,

222 1422 267 1458 rit,
289 1430 314 1451 et
338 1423 419 1451 talem
446 1424 526 1451 finem
553 1424 679 1452 nancisci.
707 1424 840 1459 Quamvis
864 1435 935 1452 enim
953 1437 973 1459 Α
990 1427 1188 1463 χαταπτήσσει,
1219 1428 1404 1463 συστέλλεται,
1431 1428 1583 1467 μετριάζει,
1606 1429 1755 1466 φιλοσοφεῖν

222 1478 263 1496 res
281 1468 332 1496 siut
349 1475 442 1497 natura
460 1469 582 1505 diversae,
596 1476 684 1497 tamen
708 1470 786 1498 unius
810 1470 936 1499 bonitatis

222 1512 328 1552 opificia
352 1521 413 1542 sunt
434 1525 440 1541 :
462 1514 678 1552 quandoquidem
702 1525 716 1543 e
734 1516 788 1544 vita
808 1515 937 1544 decedens

222 1558 303 1587 homo
322 1559 396 1587 nullo
417 1559 479 1587 inde
503 1560 599 1588 damno
617 1561 743 1596 afficitur,
759 1561 890 1599 siquidem
911 1569 936 1590 et

222 1603 357 1632 dum'vita
373 1604 500 1643 suppetit,
516 1603 600 1631 multa
622 1603 682 1632 inde
697 1604 770 1633 lucra
785 1604 897 1643 colligit,
912 1612 938 1633 et

222 1660 256 1677 cx
272 1649 358 1677 alieno
379 1659 488 1688 corpore
500 1649 636 1688 propriam
654 1650 767 1689 percipit
785 1650 936 1678 utilitatem.

223 1695 293 1722 Cum
308 1694 378 1722 enim
390 1694 488 1722 viderit
500 1705 572 1731 eum,
586 1694 631 1732 qui
647 1705 697 1722 non
711 1694 747 1722 ita
762 1695 863 1734 pridem
877 1706 937 1723 cum

223 1740 281 1778 ipso
308 1739 457 1775 incedebat,
475 1739 501 1767 in
524 1750 636 1774 vermes,
652 1746 677 1767 et
698 1740 807 1776 saniem,
824 1747 849 1768 et
866 1741 939 1769 cine-

223 1795 290 1821 rem,
307 1791 331 1812 et
353 1785 492 1824 pulverem
513 1795 569 1812 csse
590 1784 745 1820 resolutum,
769 1784 830 1812 licet
854 1785 938 1824 ipsius

223 1830 326 1858 diaboli
341 1830 491 1869 arrogantia
504 1831 749 1866 intumescat‚mctu
763 1830 938 1868 contrahitur,

224 1876 386 1916 reprimitur,
403 1875 519 1904 modeste
544 1886 572 1903 se
596 1876 673 1913 gerit,
690 1876 875 1915 philosophari
890 1876 939 1904 do-

223 1927 306 1955 cetur,
318 1920 450 1947 bonorum
473 1926 607 1958 parentem
622 1919 802 1948 humilitatem
816 1921 843 1948 in
862 1931 940 1949 suam

225 1972 338 1994 mentem
362 1964 516 1993 introducit.
532 1965 572 1993 Ita
594 1964 624 1993 sit
645 1972 674 1994 ut
695 1976 779 2004 neque
794 1966 840 2004 qui
857 1977 870 1994 e
885 1966 939 1995 vita

224 2010 359 2046 discessit,
379 2010 492 2038 laedatur
507 2022 513 2037 :
528 2011 696 2049 recuperabit
718 2011 789 2039 euim
811 2011 861 2039 hoc
883 2022 940 2040 cor-

225 2066 275 2094 pus
291 2056 474 2094 incorruptum
492 2063 517 2084 et
530 2055 693 2093 immortale;
707 2063 731 2084 et
745 2057 790 2095 qui
808 2057 898 2086 adhuc
913 2058 940 2086 in

225 2100 312 2129 stadio
332 2108 463 2138 versatur,
480 2112 513 2130 ex
530 2112 570 2139 eo,
585 2101 658 2139 quod
679 2102 747 2130 nihil
762 2102 829 2131 alter
842 2110 880 2131 est
894 2104 941 2132 lae-

227 2157 281 2181 sus,
296 2146 414 2174 maxima
431 2146 505 2174 lucra
519 2147 720 2186 decerpet.Non
735 2148 806 2176 euim
820 2149 941 2187 vulgaris

227 2191 364 2220 modestiae
376 2193 501 2229 magistra
516 2192 543 2220 in
556 2193 639 2221 vitam
649 2200 765 2221 nostram
778 2204 849 2222 mors
860 2194 941 2224 intro-

227 2237 307 2265 ducta
322 2243 368 2271 est,
380 2248 437 2274 qua:
458 2244 572 2265 mentem
594 2237 718 2273 instruat,
731 2245 755 2267 et
767 2239 861 2267 animae
876 2251 939 2279 pas-

227 2282 312 2310 siones
333 2282 454 2315 refrenet,
472 2282 569 2310 ssuctus
593 2282 674 2318 sedet,
689 2290 714 2311 ct
735 2284 941 2322 tanquillitatem

228 2327 346 2355 reducat.
365 2327 432 2354 Cum
448 2327 517 2355 euim
532 2334 590 2355 tum
603 2338 637 2356 ex
654 2328 687 2356 iis
701 2340 759 2366 qua:
776 2329 846 2358 dicta
867 2338 940 2367 sunt,

228 2379 286 2400 tum
304 2383 338 2400 ex
356 2372 415 2400 aliis
436 2372 560 2411 pluribus
579 2372 628 2400 hac
645 2372 705 2401 luce
726 2374 822 2403 clarius
839 2376 941 2405 eluceat

228 2417 395 2457 providentia
408 2418 468 2451 Dei,
481 2417 534 2445 noli
547 2428 740 2456 supervacanea
755 2420 857 2448 curiose
868 2432 940 2450 scru-

227 2468 287 2503 tari,
304 2477 388 2504 neque
401 2477 490 2494 causas
505 2466 625 2494 omnium
640 2477 729 2495 rerum
743 2468 895 2506 exquircnS,
910 2480 939 2498 ea

226 2529 285 2556 quae
300 2515 522 2556 comprehendere
537 2516 638 2554 nequis,
651 2527 814 2555 persequere.
830 2518 897 2546 Nam
914 2526 939 2547 et

228 2569 276 2597 hoe
299 2569 385 2607 ipsum
408 2574 435 2595 ut
460 2577 574 2596 essemus
600 2577 633 2595 ex
657 2577 703 2595 sua
726 2567 802 2596 uobis
821 2567 938 2596 bonitate
954 2577 971 2599 c

988 1479 1155 1515 παιδεύεται,
1172 1479 1217 1508 καὶ
1229 1479 1275 1514 τὴν
1299 1479 1400 1518 μητέρα
1420 1480 1478 1507 τῶν
1487 1480 1590 1517 ἀγαθῶν
1604 1478 1652 1514 τὴν
1664 1490 1756 1507 ταπει-

989 1531 1145 1570 νοφροσύνην
1159 1533 1194 1564 εἷς
1216 1531 1263 1566 τὴν
1277 1531 1390 1560 διάνοιαν
1404 1530 1544 1563 εἷσοικίζει.
1563 1530 1654 1564 Οὕτως
1672 1530 1730 1558 οὔτε
1742 1532 1757 1558 ὁ

990 1583 1108 1612 ἀπελθών
1125 1595 1149 1611 τι
1173 1583 1346 1622 παρείλοίῧη·
1368 1583 1533 1621 ἀπολήψεται
1557 1582 1608 1621 γὰρ
1631 1585 1706 1611 τοῦτο
1726 1582 1758 1610 τὸ

991 1637 1068 1672 σῶμα
1085 1634 1215 1672 ἀκήρατον
1233 1635 1276 1663 καὶ
1294 1635 1424 1674 ἄφθαρτον
1436 1647 1441 1652 ·
1455 1635 1470 1663 ὅ
1482 1647 1511 1663 τε
1525 1635 1564 1663 ἔτι
1578 1636 1604 1663 ἐν
1618 1636 1655 1673 τῷ
1671 1633 1758 1672 σκάμ-

993 1697 1056 1723 ματι
1079 1685 1124 1721 ὢν,
1140 1686 1182 1724 ἀφ’
1208 1680 1243 1713 ὧν
1259 1684 1331 1714 οὐδὲν
1354 1685 1439 1724 ἕτερος
1453 1685 1554 1719 ε’ὅλοίὲη
1566 1707 1573 1719 ,
1594 1684 1628 1712 τὰ
1646 1684 1759 1722 μέγιστα

991 1738 1118 1777 κερδανεῖ.
1142 1739 1204 1776 Οὐχ
1217 1740 1230 1766 ὁ
1241 1737 1328 1776 τυχὼν
1343 1737 1496 1769 διδάσκοι).ος
1517 1736 1668 1776 φιλοσοφίας
1680 1738 1694 1764 ὁ
1708 1735 1757 1764 θά-

991 1800 1066 1822 νατος
1081 1788 1219 1827 εἰσηνέχθη
1239 1791 1274 1821 εἰς
1295 1788 1339 1817 τὸν
1360 1788 1486 1827 ἡμέτερον
1504 1787 1569 1826 βίον,
1581 1788 1758 1825 παιδαγωγῶν

993 1839 1039 1875 τὴν
1055 1840 1179 1875 διάνοιαν,
1199 1839 1242 1867 καὶ
1260 1839 1293 1869 τὰ
1317 1839 1388 1875 πάθη
1402 1841 1449 1873 τῆς
1469 1841 1554 1878 ψυχῆς
1573 1840 1698 1878 χαλινῶν,
1712 1838 1758 1866 καὶ

992 1892 1025 1921 τὰ
1036 1891 1141 1930 κύματα
1156 1891 1355 1927 καταστέλλων,
1367 1890 1412 1919 καὶ
1424 1890 1540 1929 γαλήνην
1552 1893 1642 1919 ποιῶν.
1658 1888 1758 1918 Μαθὼν

992 1944 1077 1973 τοίνυν
1092 1944 1136 1972 καὶ
1151 1945 1179 1972 ἐκ
1190 1946 1241 1973 τῶν
1254 1943 1408 1983 εἰρημένων,
1422 1943 1466 1972 καὶ
1479 1943 1504 1976 ἐξ
1516 1942 1609 1982 ἑτέρων
1621 1942 1758 1977 πλειόνων,

993 2000 1037 2026 τοῦ
1050 1996 1133 2036 φωτὸς
1147 1996 1236 2025 τούτου
1252 1995 1428 2034 φανερώτερον
1441 1995 1641 2033 διαλάμπουσαν
1652 1995 1699 2029 τὴν
1713 1998 1759 2023 τοῦ

1239 2048 1275 2082 υ.ὴ
1299 2047 1469 2087 περιεργάζου
1483 2046 1517 2075 τὰ
1541 2045 1667 2085 περιττὰ,
1691 2046 1758 2084 μηδὲ

993 2051 1061 2078 Θεοῦ
1085 2048 1218 2087 πρόνοιαν,
1239 2075 1244 2086 Α

994 2101 1109 2140 ἀκίχητα
1123 2100 1213 2136 δίωκε,
1229 2099 1275 2132 τὰς
1287 2099 1371 2131 αἰτίας
1382 2098 1486 2127 πάντων
1499 2097 1632 2131 ἐξετάζων.
1644 2097 1697 2126 Καὶ
1708 2097 1759 2136 γὰρ

996 2154 1061 2182 αὐτὸ
1075 2153 1105 2182 τὸ
1117 2148 1182 2181 εἶναι
1191 2151 1218 2185 ἐξ
1229 2151 1390 2190 ἀγαθότητος
1401 2153 1466 2188 ἡμῖν
1483 2149 1648 2188 παρέσχενοῦ
1662 2148 1753 2188 χρείαν

993 2205 1060 2243 ἔχων
1072 2205 1146 2242 ἡμῶν
1162 2205 1208 2237 τῆς
1221 2202 1362 2233 διακονίας.
1380 2200 1432 2229 Καὶ
1452 2199 1504 2238 χρὴ
1527 2199 1667 2236 θαυμάζειν
1680 2197 1758 2227 αὐτὸν

993 2256 1038 2285 καὶ
1052 2259 1214 2295 προσκυνεῖν,
1229 2255 1278 2293 οὐχ
1291 2253 1331 2282 ὅτι
1343 2252 1449 2286 ἐποίησε
1461 2251 1548 2289 μόνον,
1560 2251 1612 2279 οὔδ’
1621 2249 1661 2278 δ’τι
1672 2249 1758 2289 ψυχὴν

986 2308 1129 2348 ἐχαρίσατο
1142 2306 1282 2344 ἀσώματον
1295 2305 1341 2334 καὶ
1353 2303 1472 2343 λογικὴν,
1486 2303 1537 2332 οὐδ’
1554 2302 1593 2332 ὅτι
1607 2303 1657 2330 τῶν
1672 2302 1758 2331 ἄλλων

994 2360 1115 2388 ἁπάντων
1132 2357 1247 2396 βελτίους
1262 2356 1414 2396 εἰργάσατο,
1427 2356 1479 2383 οὐδ’
1492 2355 1531 2384 ὅτι
1547 2354 1594 2389 τὴν
1607 2353 1757 2383 δεσποτείαν

994 2411 1134 2451 ἐνεχείρισε
1149 2412 1199 2438 τῶν
1214 2408 1362 2449 δρωμένων,
1386 2408 1430 2436 καὶ
1446 2407 1492 2442 τὴν
1514 2406 1630 2439 ἐξουσίαν
1647 2405 1755 2444 ἐπέτρε-

993 2466 1049 2502 ψεν,
1064 2465 1121 2492 ἀλλ’
1135 2462 1174 2490 ὅτι
1188 2461 1269 2500 μηδὲν
1292 2460 1410 2498 δεόμενος
1431 2460 1516 2497 ἡμῶν.
1530 2459 1569 2487 Τὸ
1580 2458 1631 2497 γὰρ
1644 2457 1675 2492 δὴ
1691 2460 1755 2486 θαυ-

995 2515 1092 2552 μαστὸν
1118 2516 1163 2548 τῆς
1181 2512 1338 2551 ἀγαθότητος
1353 2513 1430 2540 αὐτοῦ
1445 2509 1521 2539 τοῦτο’
1535 2511 1616 2545 ἐστιν,
1628 2509 1668 2538 ὅτι
1684 2509 1754 2537 οὐδὲν

993 2568 1095 2606 χρῄζων
1109 2568 1184 2604 ἡμῶν
1199 2567 1244 2600 τ’ἧς
1261 2563 1390 2596 διακονίας
1402 2563 1548 2601 παρήγαγε.
1561 2562 1612 2592 Καὶ
1624 2561 1675 2600 γὰρ
1694 2561 1755 2599 πρὶν
