1843 2810
94 1104 180 1124 Cucusn
196 1109 234 1123 an-

95 1143 123 1156 no
138 1132 191 1163 (004.

582 150 609 173 S.
639 149 694 172 JOA
703 147 776 170 NNts
804 143 983 167 CHRYSOST.

239 145 306 191 870

239 220 388 256 frequentes
411 215 500 244 literas
524 211 693 252 acceperitis,
714 216 875 237 accusarem.
900 204 952 234 Sed
972 208 989 230 E

239 263 365 302 quoniam
376 261 430 291 scio
444 271 491 291 vos
502 259 560 289 sive
571 256 679 292 sileatis,
690 256 746 284 sive
759 252 894 289 scribatis,
908 261 954 290 pa-

238 310 303 338 riter
317 319 378 347 erga
391 318 438 336 nos
451 306 560 334 affectas
572 313 637 339 esse,
650 307 790 341 propterea
802 308 854 326 non
867 296 953 324 ausim

239 366 288 384 vos
301 355 382 393 liujus
404 351 504 382 silentii
527 360 605 378 causa
627 343 831 386 reprehendere,
848 341 953 371 tametsi

239 401 353 430 mirifice
367 398 545 439 cupioliteras
560 404 628 433 saepe
641 399 741 422 vestras
752 389 881 428 accipere,
895 387 955 426 qui-

239 449 290 476 bus
299 447 333 475 de
344 453 430 475 vestra
443 441 595 473 valetudine
605 438 701 468 certior
712 437 786 465 fiam.
794 434 871 465 Nihil
883 433 954 462 enim

239 500 277 522 est
290 503 374 522 causae
385 502 432 519 cur
446 489 480 517 ad
494 489 563 516 hane
573 484 770 515 excusationem
780 479 954 520 confugiatis,

239 539 311 578 qnod
327 548 377 566 non
401 536 437 564 ita
460 534 552 563 erebro
573 530 726 561 tabellarios
746 526 936 557 nanciscamini
948 537 954 553 z

240 583 373 623 siquidem
387 579 628 610 desideratissimus
643 583 669 605 et
685 573 860 604 suavissimus
876 571 954 601 Saln-
966 592 1001 610 721

240 631 319 665 stius,
332 627 409 656 nobis
421 626 545 661 dilectus,
557 623 591 652 ad
608 623 669 658 hoc,
686 628 725 650 sat
739 620 803 656 scio,
820 617 897 648 vobis
908 628 956 657 po-
975 620 993 642 Α

240 676 292 705 tuit
315 672 453 703 inservire.
469 672 662 701 Verumtamen
683 677 716 695 ne
730 666 767 694 sic
783 664 894 703 quidem
909 674 958 692 vos

240 731 346 757 accuso,
359 718 431 758 quod
451 717 599 746 admodum
621 715 656 744 de
676 720 762 743 vestra
774 711 884 740 caritate
896 720 957 738 con-

241 767 333 795 fidam.
356 766 411 794 Nos
429 765 526 801 itaque,
541 761 643 800 quoties
663 758 765 793 licebit,
778 757 813 785 ad
838 766 886 785 vos
903 765 958 783 crc-

240 813 304 841 bras
318 812 407 840 literas
423 810 528 838 mittere
541 818 592 836 non
604 805 767 840 desinemus,
782 801 882 841 quippe
896 799 958 838 qui-

240 859 292 887 bus
308 857 445 886 sinceritas
459 862 485 884 et
502 853 583 882 ardor
601 849 790 881 benevolentia)
805 854 898 877 vestrae
913 856 960 875 co-

243 904 333 944 gnitus
345 903 379 932 sit
392 909 417 931 et
433 900 600 941 exploratus.

467 1004 585 1034 CCXX.
605 1003 737 1031 Paeanio.

277 1097 488 1138 Respiravimus,
511 1092 720 1126 exsultavimus,
735 1101 787 1119 non
807 1090 864 1129 jam
888 1095 962 1117 exte-

244 1156 301 1174 ram
322 1151 369 1173 aut
389 1142 556 1183 peregrinam
571 1138 687 1178 amplius
699 1137 833 1175 regionem
848 1135 962 1164 incolere

245 1203 292 1221 nos
306 1190 479 1225 arbitramur,
492 1198 554 1216 cum
570 1185 605 1214 ad
625 1195 683 1213 eam
704 1183 809 1219 urbem,
827 1192 885 1220 qum
907 1188 962 1209 tam

245 1237 329 1266 multa
353 1245 476 1275 perpessa
491 1240 540 1270 est,
556 1238 601 1260 tua
622 1229 774 1259 sublimitas
789 1227 823 1256 sit
845 1237 960 1255 reversa.

246 1283 302 1311 llac
319 1288 408 1310 autem
429 1279 529 1308 idcirco
544 1287 590 1305 nos
607 1275 746 1314 voluptate
761 1272 960 1313 perfundimur,

245 1338 297 1357 non
309 1326 380 1366 quod
392 1325 509 1364 dignitas
524 1323 572 1352 tibi
589 1322 674 1361 major
688 1320 814 1359 obtigerit
827 1331 832 1346 :
845 1318 963 1357 dignitas

245 1374 316 1402 enim
332 1379 377 1400 tua
393 1371 480 1400 virtus
494 1376 532 1398 est
546 1369 641 1397 animae
654 1374 716 1403 tuae,
730 1376 777 1394 nec
793 1365 864 1393 ullus
877 1365 963 1403 ipsam

245 1420 296 1448 tihi
311 1426 386 1447 antea
403 1416 489 1456 potuit
506 1415 619 1450 auferre,
634 1423 719 1450 neque
738 1422 809 1440 nunc
824 1409 942 1439 reddidit
956 1420 962 1435 ε

247 1470 256 1502 (
270 1476 323 1503 quo
338 1463 408 1492 enim
427 1469 514 1501 pacto,
526 1471 588 1489 cum
609 1459 697 1487 ablata
712 1457 822 1485 minime
836 1455 938 1484 suerit?
956 1455 964 1491 )

247 1510 293 1539 sed
308 1509 406 1537 ideirco
423 1507 600 1541 exsultamus,
615 1503 688 1542 qnod
707 1513 830 1540 magnam
845 1501 964 1529 consola-

249 1555 329 1584 tionis
346 1553 511 1582 occasionem
529 1550 648 1579 attulcrit
661 1556 723 1577 tuus
737 1549 764 1576 in
780 1547 873 1576 urbem
890 1547 965 1575 illam

248 1601 349 1630 reditus
363 1600 395 1628 iis
405 1599 451 1637 qui
464 1598 645 1632 vexabantur,
660 1594 855 1628 mactabantur,
868 1593 894 1621 in
907 1593 964 1621 vin-

248 1647 308 1675 cula
319 1645 538 1685 conficiebantur,
549 1653 609 1672 cum
623 1640 771 1670 eommunis
783 1639 890 1668 illorum
904 1650 965 1678 pro-

249 1700 332 1721 tector
349 1692 393 1728 sis,
406 1698 432 1719 et
452 1689 486 1718 ad
506 1696 532 1717 te
552 1698 642 1717 omnes
663 1687 703 1715 illi
729 1693 863 1723 tamquam
878 1684 913 1712 ad
927 1684 964 1712 la-

250 1739 383 1767 tissimum
406 1743 514 1775 portum
535 1733 699 1771 confugiant.
719 1732 776 1760 Seis
789 1731 888 1769 quippe
905 1730 966 1758 inde

250 1785 354 1812 lucrum
377 1782 528 1820 decerpere,
548 1778 618 1807 unde
640 1778 745 1806 lucrum
769 1775 965 1814 decerpendum

250 1837 299 1859 est.
314 1830 357 1857 Tu
370 1839 432 1857 vero
445 1826 570 1864 deinceps
585 1824 618 1853 de
634 1831 740 1852 tuorum
756 1828 825 1850 recte
837 1822 966 1849 sactorum

251 1873 437 1914 magnitudine
449 1872 545 1908 scribe,
561 1881 592 1899 ac
606 1869 744 1898 manifeste
756 1866 889 1906 significa,
902 1872 966 1904 quot

248 1923 366 1961 jacentes
381 1917 552 1954 excitaveris,
569 1922 634 1954 quot
652 1915 740 1954 lapsos
759 1912 884 1949 erexeriS,
902 1922 969 1950 quos

251 1968 410 1997 fluctuantes
430 1963 589 1997 firmaveris,
604 1961 703 2000 quibus
722 1959 824 1989 tamdiu
840 1958 969 1987 laboran-

253 2013 325 2042 tibus
341 2009 462 2040 subsidio
480 2009 572 2045 fueris,
589 2014 654 2046 quot
671 2006 803 2045 segniores
819 2005 913 2041 sactoS,
929 2003 970 2033 di-

254 2059 364 2097 ligentes
390 2055 547 2090 reddideris,
569 2064 636 2092 qnos
656 2052 799 2090 diligentes
820 2058 906 2086 antea,
928 2049 969 2078 di-

254 2103 407 2141 ligentiores
421 2099 539 2129 effeceris
554 2110 559 2125 τ
574 2097 662 2126 omnia
679 2095 793 2134 deniqne
810 2102 855 2123 tua
877 2094 903 2122 in
920 2094 971 2122 hac

254 2147 310 2176 acie
330 2146 456 2186 praeclara
477 2144 593 2173 facinora
615 2141 754 2180 sigillatim
771 2151 884 2179 expone.
901 2140 970 2168 Nam

255 2193 313 2221 liaec
326 2197 421 2219 cuncta
437 2190 490 2218 scio
506 2189 582 2228 prius
597 2188 689 2224 etiam,
708 2197 789 2225 qnam
805 2186 895 2214 literas
912 2193 972 2214 tuas

255 2236 395 2276 accipiam,
411 2241 501 2273 utpote
524 2233 572 2271 qui
593 2233 714 2261 animum
739 2239 816 2260 tuum
839 2231 970 2267 noverim,

256 2292 412 2322 generosum
435 2280 563 2308 athletam
579 2290 610 2307 ae
624 2278 776 2307 mirabilem
791 2277 948 2306 bellatorem
965 2288 971 2303 t

257 2328 304 2357 sed
321 2338 334 2355 a
350 2325 486 2356 carissima
512 2331 599 2352 tamen
622 2324 698 2352 nobis
713 2324 804 2362 lingua
820 2330 865 2351 tna
880 2329 975 2350 cuncta

258 2374 339 2403 velim
354 2372 479 2401 ediscere.
495 2370 565 2398 Huic
581 2370 662 2408 igitur
680 2377 774 2398 nostrae
793 2368 913 2408 petitioni
928 2378 976 2396 an-

259 2431 319 2456 nue,
334 2429 394 2448 cnm
413 2417 555 2455 intelligas,
571 2422 670 2454 quanto
693 2426 738 2443 nos
760 2415 821 2452 tibi,
837 2414 901 2443 duni
922 2414 972 2442 lioc

259 2477 328 2503 ages,
343 2464 378 2492 sis
390 2462 516 2492 beneficio
529 2461 717 2491 devinctnrns.

294 2534 305 2549 Ι*
324 2530 422 2555 Fabr'w.
435 2539 575 2561 γραμματηὶ
581 2532 645 2560 ὁμο-,η

1015 144 1033 164 A
1039 144 1155 165 RCHIEI‘
1162 158 1169 165 .
1199 144 1259 166 CON
1266 144 1323 165 sTA
1331 143 1451 165 NTtNOP
1459 158 1465 164 .

1009 206 1105 252 ⁶JV57ffi
1117 207 1180 243 παρ’
1193 206 1267 242 ἡμῶν
1281 204 1419 244 δεχόμεναι
1434 204 1588 242 γράμματα.
1606 203 1673 232 Ἀλλ’
1684 204 1773 239 ἐπειδὴ

1009 251 1066 278 οἰδα
1079 251 1119 279 ὅτι
1141 250 1186 278 καὶ
1201 252 1353 285 σιωπῶσαι,
1367 250 1411 278 καὶ
1424 250 1587 290 γράφουσαι,
1599 248 1694 286 ὁμοίως
1714 249 1774 288 περὶ

1008 297 1079 334 ἡμᾶς
1098 295 1244 331 διάκεισθε,
1264 295 1353 324 τούτου
1367 296 1445 335 χάριν
1465 295 1583 333 ἐγκαλεῖν
1599 296 1645 323 οὐκ
1664 295 1693 323 ἂν
1709 295 1774 323 ἆνα-

1009 341 1124 380 οχοίμην
1145 343 1192 376 τῆς
1214 343 1289 377 σιγῆς
1312 340 1406 376 ἕνεκεν,
1424 342 1445 369 εἴ
1468 341 1513 369 καὶ
1537 336 1636 379 σφόδρα
1658 341 1776 377 ἐπιθυμῶ

1010 387 1097 416 πυκνὰ
1111 388 1174 426 παρ’
1185 388 1258 424 ὑμῶν
1269 386 1389 425 δέχεσθαι
1404 386 1626 426 γράμματα,περὶ
1635 387 1682 420 τῆς
1691 384 1777 424 ὑγείας

1011 434 1083 471 ὑμῶν
1101 433 1237 467 δηλοῦντα.
1252 431 1321 460 Οὐδὲ
1341 431 1392 470 γὰρ
1407 432 1486 471 ἔχοιτ’
1510 432 1540 460 ἂν
1562 435 1720 471 καταφυγεῖν
1741 433 1778 463 εἷς

1012 478 1041 506 τὸ
1055 477 1092 516 μὴ
1108 478 1223 516 συνεχῶς
1234 477 1416 516 ἐπιτυγχάνειν
1426 476 1437 492 b
1446 477 1671 516 γραμματηφόρου
1681 489 1687 494 “
1701 478 1715 505 ὁ
1727 475 1778 515 γὰρ

1013 523 1192 556 ποθεινότατος
1207 523 1251 551 καὶ
1265 523 1423 562 γλυκύτατος
1435 522 1568 561 ἀγαπητὸς
1582 525 1658 560 ἡμῶν
1674 522 1778 551 Σαλού-

1014 582 1098 606 στιος,
1125 565 1153 598 εἶ’]
1177 565 1223 597 οἶδ’
1247 568 1287 598 ὅτι
1309 569 1372 607 πρὸς
1393 572 1467 597 τοῦτο
1489 571 1549 606 ὑμῖν
1574 568 1779 603 διακονήσασθαι

1013 615 1135 650 ἠδύνατο.
1151 614 1220 643 Ἀλλ’
1235 615 1306 652 ὅμως
1318 614 1374 643 οὐδὲ
1395 613 1476 647 οὕτως
1488 615 1549 652 ὑμῖν
1563 614 1680 652 ἐγκαλῶ,
1698 613 1740 642 διὰ
1750 614 1780 642 τὸ

1013 662 1113 701 σφόδρα
1130 662 1232 700 Οαῤῥεῑν
1249 662 1320 698 ὑμῶν
1344 658 1404 698 περὶ
1418 660 1464 693 τῆς
1488 659 1603 697 ἀγάπης.
1619 659 1701 691 Αὐτὸς
1715 658 1779 696 μέν·-

1013 719 1062 743 τοι,
1070 706 1148 742 ἡνίκα
1163 706 1193 734 ἂν
1210 706 1267 743 ἐξῇ,
1285 707 1399 744 συνεχῶς
1414 704 1575 733 ἐπιστέλλειν
1590 706 1619 733 οὗ
1631 704 1780 742 παύσομαι’

1014 748 1071 782 οἶδα
1085 752 1136 792 γὰρ
1149 753 1223 790 ὑμῶν
1236 751 1265 780 τὸ
1276 751 1382 790 γνήσιον
1397 750 1442 779 καὶ
1463 751 1555 789 θερμὸν
1570 752 1616 785 τῆς
1635 749 1780 781 διαθέσεως.

1301 999 1351 1029 σοι’.
1369 999 1501 1038 Παιανίῳ.

1058 1091 1274 1129 Ἀνεπνεύσαμεν,
1300 1091 1501 1130 ἐσκιρτήσαμεν,
1526 1090 1612 1119 οὐκέτι
1637 1091 1789 1130 ἀλλοτρίαν)

1017 1138 1075 1168 οὐδὲ
1092 1138 1166 1172 ξένην
1186 1139 1264 1166 οἰκεῖν
1281 1137 1426 1175 ἡγούμεθα,
1440 1139 1487 1171 τῆς
1508 1139 1555 1172 σ-’ῆς
1580 1136 1787 1175 Οαυμασιότητος

1018 1184 1082 1224 πρὸς
1106 1183 1153 1218 τὴν
1181 1186 1289 1212 τοιαῦτα
1311 1183 1465 1221 πάσχουσαν
1487 1182 1679 1218 ἐπανελθούσης
1701 1183 1786 1211 πόλιν.

1019 1231 1095 1259 Ποιεῖ
1110 1230 1136 1258 δὲ
1149 1231 1212 1267 ’ἡμῖν
1228 1228 1275 1264 τὴν
1286 1228 1414 1263 τοσαύτην
1429 1228 1534 1265 ἡδονὴν,
1547 1230 1575 1257 οὖ
1588 1228 1618 1258 τό
1634 1240 1662 1257 σε
1671 1227 1788 1260 πλείονος

1020 1274 1228 1304 ἀπολελαυκέναι
1242 1276 1321 1312 τιμῆς
1331 1286 1336 1291 ·
1351 1276 1367 1308 ἡ
1381 1274 1431 1313 γὰρ
1444 1273 1476 1308 σὴ
1496 1273 1561 1312 τιμὴ
1583 1276 1629 1309 τῆς
1642 1275 1729 1313 ψυχῆς
1741 1274 1787 1302 σού

1019 1322 1089 1349 ἐστιν
1101 1323 1118 1355 ἦ
1131 1320 1226 1359 ἀρετὴ,
1241 1320 1286 1348 καὶ
1300 1319 1358 1348 οὔτε
1369 1319 1515 1358 ἔμπροσθέν
1530 1319 1560 1348 σε’
1571 1331 1611 1352 τις
1625 1318 1705 1354 αὐτὴν
1723 1320 1787 1356 ἀφε-

1019 1367 1109 1395 λέσθαι
1117 1366 1235 1405 ἴσχυσεν,
1247 1365 1305 1394 οὔτε
1316 1368 1359 1394 νῦν
1367 1364 1543 1393 ἀποδέδωκεν·
1556 1364 1623 1403 (πῶς
1633 1363 1684 1402 γὰρ
1692 1363 1739 1398 τὴν
1751 1363 1788 1401 μὴ

1021 1413 1235 1451 ἀφαιρεθεῖσαν;)
1246 1412 1393 1449 σκιρτῶμεν
1407 1411 1433 1439 δὲ
1446 1411 1485 1438 ὅτι
1500 1410 1611 1449 μεγίστη
1624 1410 1790 1448 παράκλησις

1020 1463 1072 1491 τοῖς
1087 1457 1284 1494 ἐλαυνομένοις,
1295 1460 1348 1488 τοῖς
1359 1455 1546 1495 σφαττομένοις
1557 1478 1564 1491 ‚
1577 1460 1630 1488 τοῖς
1646 1455 1790 1492 δεδεμένοις

1020 1506 1056 1537 εἷς
1070 1503 1117 1539 τὴν
1132 1503 1208 1532 πόλιν
1222 1502 1321 1536 ἐκείνην
1337 1502 1520 1537 εἰσελήλυθας,
1535 1501 1619 1530 κοινὸν
1633 1501 1736 1539 ὄφελος,
1747 1500 1792 1528 καὶ

1020 1549 1099 1597 λιμὴν
1117 1549 1254 1588 εὐρύτατος
1267 1547 1364 1576 τούτων
1380 1548 1501 1576 ἁπάντων
1515 1547 1660 1586 γενόμενος.
1675 1546 1728 1575 Καὶ
1741 1546 1792 1583 γὰρ

1021 1598 1096 1624 οἶσθα
1114 1594 1258 1633 κερδαίνειν
1274 1594 1289 1621 ἃ
1304 1592 1450 1631 κερδαίνειν
1471 1593 1534 1632 χρή.
1549 1592 1637 1632 Γράφε
1657 1591 1688 1626 δὴ
1703 1590 1792 1620 λοιπὸν

1021 1644 1072 1670 τῶν
1088 1640 1301 1679 κατορθωμάτων
1319 1651 1364 1667 σου
1384 1639 1413 1667 τὸ
1429 1638 1550 1677 μέγεθος,
1563 1638 1607 1666 καὶ
1628 1637 1688 1676 λέγε
1705 1638 1794 1676 σαφῶς

1021 1687 1117 1718 πόσους
1133 1686 1267 1723 κειμένους
1289 1684 1448 1719 ἀνέστησας,
1468 1684 1563 1716 πόσους
1585 1682 1794 1711 καταπεπτωκό-

1022 1744 1068 1764 τας
1089 1731 1263 1770 ἀνώρθωσας,
1284 1730 1356 1762 τίνας
1375 1729 1563 1767 σαλευομένους
1578 1728 1726 1766 ε’στήριξας,
1741 1727 1794 1756 τίσι

1021 1777 1198 1810 πεπονηκόσιν
1222 1777 1247 1805 ἐν
1268 1778 1305 1815 τῷ
1330 1778 1423 1816 μακρῷ
1437 1775 1522 1814 τούτῳ
1544 1774 1632 1814 χρόνῳ
1647 1773 1796 1813 παρέστης,

1022 1823 1094 1856 τίνας
1111 1824 1291 1862 ῥαθυμῶν-τας
1306 1821 1459 1853 σπουδαίους
1471 1820 1611 1855 ἐποίησας,
1623 1819 1695 1851 τίνας
1711 1831 1795 1848 σπου-

1025 1870 1111 1901 δαίους
1139 1868 1214 1899 ὄντας
1236 1866 1452 1906 σπουδαιοτέρους
1481 1867 1612 1905 εἰργάσω,
1636 1865 1681 1894 καὶ
1710 1864 1799 1893 πάντα

1025 1916 1115 1947 ἁπλῶς
1129 1915 1186 1942 καθ’
1205 1913 1314 1942 ἕκαστον
1329 1912 1363 1941 τὰ
1377 1912 1422 1941 ἐπὶ
1433 1914 1479 1946 τῆς
1491 1910 1661 1951 παρατάξεώς
1676 1923 1722 1940 σου
1732 1910 1797 1939 ταύ-

1026 1973 1074 1996 της
1098 1959 1332 1999 ἀνδραγαθήματα.
1347 1953 1416 1987 Οἶδα
1440 1957 1486 1996 μὲν
1507 1957 1558 1996 γὰρ
1572 1960 1656 1986 ταῦτα
1678 1956 1723 1985 καὶ
1744 1956 1797 1994 πρὸ

1026 2009 1077 2035 τῶν
1089 2005 1252 2045 γραμμάτιον
1271 2006 1322 2033 τῶν
1338 2006 1402 2039 σῶν,
1417 2003 1507 2039 ἐπειδὴ
1519 2003 1564 2032 καὶ
1576 2003 1622 2038 τὴν
1637 2002 1724 2042 ψυχὴν
1739 1997 1796 2030 οἶδα

1026 2052 1073 2087 τὴν
1097 2051 1144 2085 σὴν
1156 2073 1163 2085 ,
1183 2050 1227 2078 τὸν
1253 2054 1369 2088 γενναῖον
1395 2049 1511 2084 ἀθλητὴν
1522 2070 1530 2085 ,
1556 2048 1601 2077 καὶ
1625 2048 1669 2077 τὸν
1693 2050 1797 2085 θαυμα-

1028 2098 1087 2126 στὸν
1112 2096 1236 2135 ἀριστέα’
1249 2097 1307 2124 ἀλλ’
1324 2091 1367 2124 οῧν
1390 2096 1518 2134 βούλομαι
1535 2094 1580 2123 καὶ
1591 2094 1663 2133 παρὰ
1684 2095 1731 2128 τῆς
1749 2105 1796 2122 πο-

1028 2142 1177 2177 θεινοτάτης
1199 2153 1243 2179 μοι
1266 2141 1385 2179 γλώττης
1402 2144 1485 2170 ταῦτα
1509 2140 1656 2179 μανθάνειν.
1671 2139 1748 2168 Δίδου
1764 2138 1795 2171 δὴ

1028 2192 1092 2227 ἡμῖν
1106 2188 1204 2222 ταύτην
1227 2187 1273 2222 τὴν
1299 2187 1418 2223 αἴτησιν
1433 2183 1507 2216 οἶσθα
1527 2186 1577 2226 γὰρ
1599 2185 1692 2221 ἡλίκην
1715 2186 1795 2224 χαριῇ

1029 2235 1116 2274 χάριν,
1133 2237 1210 2262 τοῦτο
1223 2235 1315 2262 ποιῶν.
