1840 2839
17 995 20 999 .
36 983 71 999 10.

327 164 367 185 ΗΕ
396 163 504 186 Ιῐ1ἶ(“.11“.
535 163 594 185 St-:v
604 180 610 186 .

82 234 157 251 inorn-
180 224 282 261 loquuti
305 236 395 253 suiuus
407 248 414 259 ‚
429 236 534 253 omnent
549 237 581 254 ex
601 226 689 254 aniuu·
706 228 816 264 fugastis

81 269 255 298 i1·:wumt=.·uu.
271 270 404 309 Suscipite
425 281 488 307 ergo
514 282 573 299 eum
597 272 674 310 pleno
699 280 813 311 pectore,

79 318 177 355 apertis
192 317 323 346 nruiibus.
335 318 363 345 Si
379 317 443 355 quid
460 318 532 346 triste
547 326 649 355 gestum
668 327 716 353 est,
737 321 815 348 ‹uuit-

80 363 140 390 tite:
153 363 214 400 quia
226 363 270 390 ubi
288 370 391 401 teinpus
406 363 493 402 paris,
507 364 653 392 recordatio
667 365 814 393 dissensio-

80 410 120 438 nis
137 410 209 438 nulla
226 417 272 445 est,
286 417 313 438 ut
330 411 362 438 sit
379 410 508 448 gaudium
524 411 548 439 in
561 413 635 446 cmlo,
647 413 775 451 gaudium
789 414 813 441 in

79 465 163 493 terra,
179 457 270 486 laetitia
287 465 311 486 ct
325 458 467 487 exsultatio
488 459 636 498 spiritualis
652 461 677 488 iu
697 461 813 489 tici-tesia

643 165 682 186 ti‘t'
713 166 824 187 stium)
851 166 953 188 trstt's
983 166 1163 189 §nveniam
1192 168 1234 189 1)ss
1262 168 1360 190 meti.

1540 162 1608 206 ,39¹3

872 229 931 256 Dei.
941 229 972 256 lit
981 228 1126 256 oretuusdc
1135 229 1282 266 reliquo‚ut
1293 230 1430 268 [uirilis-am
1444 232 1513 259 lteris
1524 240 1609 261 fusto<

871 275 928 303 dire
948 275 1074 313 dignetur
1091 275 1248 311 Ecclesiam,
1271 287 1361 315 paceni
1380 279 1460 306 tixaui
1477 286 1499 307 et
1515 291 1608 318 pri-pt·-

871 329 943 350 tuain
955 322 1032 356 darc,
1049 322 1074 350 in
1091 321 1275 352 Christo'Jesu
1293 323 1408 351 Domino
1432 332 1606 359 nostro,c1uu

870 380 921 407 quo
934 376 971 397 est
986 369 1069 407 gloria
1083 370 1138 397 Deo
1150 369 1234 405 Patri,
1249 381 1299 398 uua
1311 382 1370 398 cuni
1387 372 1489 409 Spiritu
1509 380 1606 409 sancto,

869 417 896 444 in
912 417 1007 444 sarcula
1025 417 1194 446 sacculorum.
1211 418 1306 446 Anien.

397 656 550 683 SEIUIO
579 653 730 682 IPSIUS
757 653 1025 681 SEI'ERlAiw
1052 655 1113 682 DE
1144 656 1287 692 PACE,

295 759 358 777 eum
373 754 520 786 susceptus
533 754 605 776 esset
618 758 637 775 ct
650 748 733 774 beato
749 747 867 774 Joanne
876 769 883 780 ,
902 748 1035 785 episcopo
1054 748 1389 788 Constantinopolita110.

118 868 148 896 lu
158 867 275 895 adventu
291 866 398 895 Domini
409 874 433 894 ct
444 865 593 894 salvatoris
605 865 688 893 nostri
699 871 776 902 atque
788 863 815 891 in

79 915 217 954 praesentia
237 915 294 953 ejus
318 913 464 952 corporali,
480 913 566 951 augeli
581 912 707 941 ducentes
722 912 817 940 choros

82 963 196 991 coelcstcs
207 961 422 1000 evangelizabant
433 961 594 1000 pastoribus,
607 960 724 988 dicentes
735 972 740 987 :
752 960 817 988 An—

83 1012 250 1039 nuntiamns
259 1011 342 1038 vobis
352 1009 437 1037 hodie
443 1009 581 1047 gaudium
593 1018 728 1047 magnum
741 1007 820 1046 quod

81 1059 135 1085 erit
151 1059 229 1085 omni
242 1057 358 1095 populo.
377 1056 416 1083 Ab
439 1055 503 1094 ipsis
517 1055 588 1083 enim
604 1055 702 1083 sanctis
717 1054 818 1091 augelis

82 1105 161 1132 ctiam
177 1103 290 1132 mutuati
302 1113 349 1131 nos
362 1113 464 1137 vocem,
481 1102 669 1130 annuntiamus
682 1102 759 1131 vobis
770 1102 818 1130 ho-

83 1152 128 1180 die
148 1151 277 1189 gaudium
302 1160 438 1189 magnum.
456 1149 541 1178 llodie
557 1151 627 1178 enim
642 1150 669 1177 in
683 1160 748 1188 pace
763 1149 817 1177 Ec-

83 1199 163 1227 clesia
174 1205 227 1233 est,
239 1205 264 1226 et
277 1197 395 1226 ha‘retici
409 1197 435 1225 in
449 1197 496 1226 ira.
506 1197 591 1225 Hodie
604 1197 729 1225 Ecclesiae
744 1196 819 1225 navis

82 1246 109 1274 in
122 1253 198 1285 portu
211 1253 260 1282 cst,
274 1252 300 1274 et
314 1245 500 1273 lum-eticorum
511 1245 585 1273 furor
595 1245 714 1283 jactatur
725 1244 753 1272 in
768 1244 819 1272 ssu-

81 1294 177 1322 ctibus.
188 1293 273 1321 Hodie
282 1299 399 1332 pastores
410 1291 534 1321 Ecclesiae
542 1292 568 1320 in
577 1292 725 1327 securitate,
733 1299 758 1319 et
766 1292 818 1319 lise-

81 1340 155 1370 retiei
166 1340 192 1368 in
206 1340 406 1380 perturbatione
415 1345 485 1368 sunt.
498 1339 583 1367 Hodie
595 1350 657 1367 oves
670 1339 778 1367 Domini
791 1339 818 1366 in

81 1395 156 1426 tuto,
175 1395 200 1416 et
221 1388 278 1427 lupi
297 1387 443 1416 insaniunt.
461 1386 547 1415 Hodie
562 1387 638 1416 vinca
657 1387 765 1415 Domini
790 1387 817 1415 in

80 1435 252 1471 abundantia,
265 1442 290 1463 ct
304 1435 417 1474 operarii
433 1434 582 1472 iniquitatis
596 1435 622 1463 in
636 1434 748 1473 egentia.
758 1434 817 1462 Ho-

79 1482 124 1511 die
136 1483 253 1522 populus
267 1482 366 1511 Christi
378 1482 511 1510 exaltatus
525 1489 563 1510 est
573 1504 580 1517 ,
591 1489 615 1510 et
630 1481 731 1510 inimici
748 1482 816 1511 veri-

84 1530 147 1559 tatis
166 1529 300 1558 humiliati
314 1536 385 1558 sunt.
401 1529 488 1557 Hodie
503 1529 627 1558 Christus
637 1529 663 1557 in
678 1529 781 1564 laetitia,
793 1536 818 1557 et

79 1577 204 1606 diabolus
217 1577 244 1605 in
258 1577 345 1605 luctu.
359 1577 445 1605 Hodie
458 1577 545 1615 angeli
559 1577 585 1605 in
596 1577 782 1613 exsultatione,
793 1583 818 1605 et

78 1624 212 1653 daemoncs
230 1625 257 1653 in
280 1624 444 1652 confusione.
459 1625 494 1653 Et
507 1624 574 1662 quid
588 1635 656 1663 opus
672 1631 710 1652 est
733 1624 818 1653 multa

75 1672 185 1700 dicere?
201 1671 287 1700 Hodie
310 1671 443 1708 Christus,
460 1671 505 1710 qni
525 1680 564 1700 est
585 1672 642 1700 Rex
656 1672 741 1710 pacis,
756 1682 817 1700 cum

77 1730 124 1748 sua
140 1731 204 1759 pace
218 1719 376 1758 procedens,
393 1719 498 1757 fugavit
512 1729 589 1747 omne
599 1718 752 1755 dissidium,
763 1719 818 1747 dis-

75 1767 207 1796 sensiones
219 1767 332 1806 depulit,
343 1766 507 1795 discordiam
520 1766 738 1805 perturbavitEt
746 1767 815 1795 sicut

76 1815 170 1842 caelum
185 1813 311 1854 splendor
320 1808 404 1849 'soliS‚
420 1814 455 1842 ita
479 1813 627 1842 Ecclesiam
650 1814 740 1852 fulgor
762 1825 813 1853 pa-

75 1862 112 1890 cis
128 1861 274 1889 illuminat.
287 1862 310 1889 O
322 1871 402 1898 quam
423 1861 601 1889 desiderabile
623 1871 716 1889 nomen
729 1862 811 1900 pacis,

74 1919 156 1946 quam
167 1908 304 1946 religionis
314 1908 473 1936 Christianae
487 1908 583 1936 stabile
594 1908 796 1936 fundamentum
805 1931 812 1944 ,

73 1962 99 1983 et
110 1956 201 1984 altaris
213 1955 339 1984 dominici
350 1955 460 1984 caelestis
469 1955 618 1985 armatura!
631 1956 665 1984 Et
675 1956 743 1993 quid
751 1966 814 1994 pos-

74 2013 167 2030 sumus
181 2002 214 2031 de
229 2013 293 2041 pace
312 2002 459 2041 proloqui?
476 2004 534 2030 Pax
548 2013 643 2030 nomen
666 2009 705 2030 est
728 2002 813 2041 ipsius

35 2078 41 2084 ,
77 2048 189 2084 Christi,
206 2048 275 2076 sicut
288 2048 355 2076 dicit
376 2055 401 2076 et
416 2048 551 2086 apostolus
564 2060 569 2075 ι
583 2050 659 2086 Quia
680 2049 814 2076 Christus

74 2105 135 2134 pas
152 2100 262 2127 nostra,
278 2096 328 2132 qui
339 2095 417 2133 fecit
434 2100 559 2132 utraque
571 2104 672 2129 ιιιιιιηι,
685 2104 744 2130 quae
769 2103 814 2121 ne-

75 2152 209 2180 quaquam
220 2140 338 2174 fide‚sed
351 2140 452 2169 invidia
465 2140 568 2168 diaboli
580 2139 753 2168 dissidebant.
762 2141 812 2169 Ve-

74 2200 136 2218 rum
150 2190 219 2217 sicut
229 2189 389 2228 procedente
400 2199 460 2226 rege
468 2195 492 2216 et
504 2188 596 2226 plaicae
607 2191 779 2223 mundantur,
790 2194 816 2216 et

74 2243 127 2265 tota
139 2236 234 2264 civitas
241 2236 355 2265 diversis
368 2236 477 2264 [loribus
486 2242 510 2263 et
518 2235 655 2264 ornatibus
664 2242 814 2270 coronatur,

30 2300 65 2319 1⁴14
74 2290 103 2312 ut
118 2283 185 2311 nihil
201 2283 235 2311 sit
250 2283 322 2321 quod
336 2283 423 2311 minus
437 2282 550 2319 dignum
564 2282 652 2310 vultui
671 2282 740 2320 regis
764 2293 815 2323 ap—

75 2337 163 2370 pareat
175 2342 181 2357 :
193 2330 227 2358 ita
240 2337 265 2359 et
279 2341 347 2358 nunc
363 2329 521 2369 procedente
538 2330 657 2366 Christo,
678 2331 749 2368 Rege
762 2341 811 2369 pa-

76 2379 112 2406 cis
123 2401 129 2412 ‚
141 2388 219 2406 omne
241 2377 313 2415 quod
329 2378 404 2406 triste
417 2385 473 2412 est,
488 2378 625 2406 auferatur
639 2389 653 2405 e
671 2377 774 2413 medio,
788 2385 813 2406 et

77 2424 244 2453 illucescente
268 2424 379 2452 veritate
403 2425 511 2463 fugetur
530 2424 696 2452 mendacium
711 2425 813 2462 :fugiat

76 2472 220 2509 discordia,
232 2473 456 2512 resplendescente
468 2473 618 2501 concordia.
635 2473 669 2501 Et
684 2473 751 2502 sicut
762 2473 813 2502 fre-

77 2527 186 2557 quenter
200 2521 255 2549 (icri
276 2520 404 2557 vidimus,
422 2521 467 2549 ubi
485 2531 578 2559 regum
591 2521 633 2549 wel
644 2521 755 2548 fratrum
772 2528 811 2549 ta-

870 863 940 891 bulae
952 863 1109 902 pinguntur,
1118 873 1145 894 ut
1158 867 1184 895 iu
1201 868 1319 907 utrisque
1330 872 1512 901 unanimitatis
1523 874 1610 902 ‹lt-sla-

872 918 962 940 rcmur
978 911 1101 950 insignia,
1118 915 1215 943 artifex
1231 916 1302 955 picto
1317 918 1428 947 sciuineo
1445 920 1537 949 habitu
1551 931 1609 960 post

873 965 977 996 tergum
1005 960 1142 999 utriusque
1167 963 1337 992 concordiam
1361 967 1451 994 statuit
1462 990 1469 1001 ,
1496 968 1612 997 brachiis

873 1006 928 1034 suis
943 1013 1083 1045 utrumqne
1102 1009 1336 1048 complectentem,
1355 1012 1475 1041 indicans
1496 1016 1567 1052 quod
1585 1017 1611 1044 lii

873 1053 920 1091 qui
931 1053 1062 1087 ,ridentur
1079 1057 1237 1095 corporibus
1249 1060 1374 1097 separati,
1386 1062 1521 1091 sententiis
1533 1070 1557 1091 ct
1569 1074 1613 1092 vo-

873 1101 975 1129 luntate
988 1103 1214 1132 conveniantzita
1230 1115 1301 1133 nunc
1321 1117 1372 1145 pax
1397 1109 1503 1137 Domini
1526 1111 1613 1139 media

873 1148 1010 1185 assistens,
1025 1156 1049 1177 et
1071 1156 1214 1189 utrumque
1228 1159 1346 1181 nostruin
1368 1156 1469 1191 gremio
1489 1158 1614 1196 palpante

874 1204 1039 1233 connectens,
1052 1197 1166 1226 discreta
1186 1210 1296 1238 corpora
1313 1201 1339 1229 in
1363 1213 1444 1231 unuin
1470 1215 1532 1233 com
1541 1206 1613 1234 cuire

874 1244 1267 1284 animum,ulnisjungentibus
1284 1248 1370 1277 docet.
1389 1251 1416 1278 ln
1430 1262 1481 1289 qna
1493 1253 1549 1281 sinc
1563 1254 1614 1282 du-

873 1291 918 1320 bio
931 1292 1078 1331 completur
1090 1304 1177 1322 sermo
1192 1295 1374 1334 propheticus,
1387 1299 1432 1335 qui
1448 1299 1484 1327 ait
1496 1312 1501 1326 ε
1512 1302 1549 1329 El
1560 1304 1613 1330 erit
1624 1318 1721 1338 Zama,
1731 1324 1734 1337 .
1743 1317 1763 1338 3.

873 1338 1026 1366 consilium
1038 1340 1197 1378 pacificum
1211 1342 1288 1369 inter
1302 1348 1447 1381 utrosque.
1462 1345 1496 1373 lit
1511 1346 1614 1375 hester-

873 1395 906 1412 no
920 1385 1028 1423 quidem
1044 1385 1088 1414 die
1104 1393 1179 1425 pater
1198 1394 1285 1416 noster
1300 1391 1449 1419 communis
1464 1395 1615 1431 evangelico

872 1442 964 1470 pacem
980 1443 1100 1461 sermone
1114 1434 1241 1472 praefatus
1256 1442 1308 1463 est:
1320 1436 1399 1465 hodic
1415 1449 1477 1467 vcro
1492 1451 1539 1468 nos
1552 1452 1612 1469 ver-

873 1479 905 1507 ba
921 1480 993 1518 pacis
1007 1490 1183 1519 exponamus.
1200 1482 1261 1520 Ipse
1276 1493 1323 1511 nos
1338 1484 1394 1513 hcri
1413 1488 1544 1526 resupinis
1558 1500 1613 1517 ina-

873 1526 953 1555 nibus
968 1527 993 1555 in
1005 1527 1087 1556 verbo
1096 1528 1170 1567 pacis
1182 1529 1296 1568 excepit,
1309 1538 1334 1559 et
1352 1542 1397 1559 nos
1412 1533 1492 1562 hodie
1503 1535 1615 1565 dilatato

873 1581 987 1613 pectore,
995 1574 1118 1613 ulnisque
1126 1576 1278 1614 patentibus
1285 1578 1318 1606 ad
1331 1579 1475 1609 Dominum
1487 1593 1546 1611 cuni
1558 1595 1614 1611 mu-

873 1621 982 1650 neribus
1002 1622 1075 1661 pacis
1098 1633 1281 1652 occurramus.
1297 1626 1358 1654 Jam
1384 1627 1454 1656 bella
1480 1629 1613 1659 destructa

871 1676 943 1705 sunt,
955 1670 1130 1708 pulchritudo
1142 1671 1216 1709 pacis
1228 1671 1354 1701 obtinuit.
1365 1675 1442 1703 Nunc.
1454 1676 1479 1704 in
1494 1677 1567 1706 luctu
1576 1687 1614 1707 est

869 1716 1004 1755 diabolus,
1021 1724 1046 1746 et
1061 1718 1087 1746 in
1104 1718 1264 1747 lamentione
1284 1721 1370 1749 omnis
1385 1722 1537 1753 (homonum
1553 1732 1611 1754 tur-

872 1774 932 1800 ma3
948 1765 1059 1793 nuncin
1073 1765 1224 1799 caelestibus
1239 1767 1342 1805 laetitia,
1358 1775 1381 1796 ct
1400 1769 1426 1797 iu
1446 1772 1549 1809 angelis
1562 1785 1608 1802 cx-

869 1812 1098 1850 sultatio,quibus
1109 1812 1231 1851 specialis
1241 1813 1382 1842 familiaris
1396 1826 1460 1854 pax.
1472 1817 1528 1845 Iloc.
1542 1819 1612 1847 cniui

869 1859 947 1887 etiam
958 1860 1071 1887 caelestes
1080 1859 1248 1888 admirantur
1262 1860 1373 1889 virtutes
1389 1873 1464 1901 opus,
1476 1874 1542 1900 quas
1555 1866 1610 1894 sons

869 1907 926 1944 ejus
936 1906 1017 1934 habet
1032 1906 1166 1945 perennis,
1178 1917 1213 1934 ex
1225 1917 1277 1944 quo
1288 1907 1369 1935 etiam
1383 1915 1484 1937 terrena
1498 1911 1553 1939 hacc
1565 1923 1610 1940 no-

867 1960 920 1981 stra
933 1953 1016 1990 guttis
1031 1952 1194 1990 quibusdam
1204 1953 1302 1981 exinde
1317 1954 1480 1984 stillantibus
1493 1957 1610 1988 irroran—

869 2000 961 2028 tur.Et
972 2000 1030 2028 ideo
1041 1999 1147 2027 etiamsi
1160 1999 1187 2027 in
1200 2000 1276 2028 terris
1284 2011 1349 2039 pax,
1360 2002 1447 2031 laudis
1457 2005 1514 2043 ejus
1522 2006 1610 2045 splen-

867 2047 1086 2075 dori-edundatin
1094 2046 1197 2083 caelum,
1206 2047 1315 2076 laudant
1325 2060 1382 2077 eam
1390 2051 1504 2080 caetesies
1513 2055 1610 2091 angeli,

868 2101 893 2122 et
907 2094 1000 2122 dicunt
1013 2105 1018 2121 2
1033 2094 1137 2122 Gloria
1152 2096 1183 2121 in
1197 2095 1318 2123 excelsis
1340 2097 1415 2133 Deo,
1432 2105 1458 2126 et
1484 2101 1515 2127 ίιι
1530 2107 1609 2130 terra
1623 2117 1673 2138 Luc.
1690 2124 1701 2138 2
1718 2117 1754 2146 ¹3,

867 2152 927 2179 ραι·
946 2142 1111 2169 hominibus
1132 2142 1213 2169 bonoe
1238 2142 1410 2172 voluntatis.
1428 2145 1512 2174 Yides
1538 2159 1606 2185 quo-

869 2188 948 2216 modo
959 2188 1073 2216 caelestes
1083 2198 1173 2216 omnes
1184 2195 1208 2216 ct
1218 2195 1352 2218 terrestres
1361 2190 1475 2221 invicem
1484 2194 1535 2223 sibi
1547 2207 1608 2224 iuu-

870 2246 931 2263 nera
943 2235 1015 2274 pacis
1034 2234 1177 2263 emittunt?
1191 2235 1312 2265 Caelestes
1326 2238 1413 2276 angeli
1426 2250 1517 2277 pacem
1530 2244 1607 2271 terris

868 2282 1040 2314 annuntiant,
1053 2282 1136 2310 sancti
1147 2282 1174 2310 in
1186 2283 1264 2311 terris
1278 2283 1429 2321 Christum,
1442 2288 1487 2324 qui
1500 2297 1537 2317 est
1552 2301 1604 2328 pax

868 2336 968 2366 nostra,
980 2328 1132 2357 collaudant
1148 2329 1175 2357 in
1196 2329 1345 2359 caelestibus
1360 2333 1488 2370 positum,
1503 2343 1528 2364 et
1542 2348 1606 2376 my-

868 2377 940 2406 sticis
953 2376 1041 2405 choris
1055 2376 1218 2411 acclamant,
1234 2379 1356 2406 Osanna
1368 2381 1397 2407 in
1410 2383 1539 2411 excelsis.
1556 2385 1605 2412 Di—

867 2436 956 2454 camus
976 2435 1039 2463 ergo
1061 2432 1086 2453 et
1107 2435 1164 2460 n05,
1181 2425 1284 2453 Gloria
1303 2429 1333 2454 in
1355 2428 1508 2457 altissimis
1530 2433 1602 2465 Deo,
1616 2447 1701 2467 Mam„
1720 2454 1756 2468 21,

867 2473 915 2511 qui
928 2472 1083 2500 humiliavit
1105 2471 1262 2508 diabolum,
1279 2479 1304 2500 et
1318 2475 1447 2502 exaltavit
1469 2477 1604 2506 Christum
1616 2484 1640 2504 9·

867 2530 955 2548 suum.
971 2519 1073 2548 Gloria
1087 2521 1117 2546 in
1127 2519 1280 2547 altissimis
1294 2520 1368 2555 Deo,
1382 2522 1427 2558 qui
1446 2522 1607 2553 discordiam
