1830 2829
601 217 630 238 tx
662 216 786 238 tuemini
816 216 856 237 li'l'
885 215 1027 238 vinum.

51 276 205 315 κωλύματα,
218 278 275 306 ἀλλ’
290 277 360 315 ὅμως
370 277 456 306 πάντα
471 278 556 306 ἐκεῖνοι
571 277 671 316 διέκοψε
682 278 725 305 καὶ
737 280 814 315 ὑπερ-

49 322 107 357 έὸη,
127 322 216 351 Ἄκουε
232 322 270 350 δέ.
289 321 443 361 Ἀλλόφυλος
459 317 490 356 ἦν
501 333 506 339 ·
523 322 549 350 ἓν
563 326 639 350 τοῦτο
655 323 684 351 τὸ
695 322 815 359 κώλυμα.

1513 209 1580 255 3519

867 283 960 305 cstnttn·
970 300 977 313 ‚
993 288 1024 305 ac
1039 277 1200 305 tantillorum
1216 288 1308 315 greges
1323 288 1368 316 per
1383 280 1470 307 sorum
1484 282 1575 307 trudu-

867 329 942 351 cnnt:
956 323 997 351 vel
1009 323 1097 362 potius
1107 330 1131 351 et
1144 323 1287 362 locupletes
1298 331 1321 352 et
1332 335 1460 363 pauperes
1469 326 1580 353 audiant

49 368 176 396 Σιδωνία·
194 368 310 406 δεύτερον
321 367 441 406 κώλυμα.
457 368 525 396 Οὐδὲ
536 368 585 406 γὰρ
602 368 655 397 ἴσον
671 368 816 406 ἀλλόφυλον
832 374 848 395 Β
867 378 958 395 omnes
975 379 980 394 t
998 368 1065 396 nulli
1077 368 1147 396 enim
1159 375 1218 407 post
1232 368 1342 397 viduam
1357 371 1432 398 istam
1445 371 1581 398 excusatio

48 409 114 442 εἶναι
129 415 217 445 ἁπλῶς
227 436 234 448 ,
249 414 293 442 καὶ
305 414 430 442 Σιδώνιον
444 417 492 449 τῆς
504 426 569 448 πον-ν,
575 414 684 454 ροτοὶτης
701 414 814 445 πόλεως·

47 461 83 492 ὡς
93 459 143 499 γὰρ
156 459 267 498 ἔσχατον
280 459 373 492 κακίας
385 460 530 498 ὑπόδειγμα
541 482 548 495 ,
570 461 618 494 τὴν
629 460 705 488 πόλιν
717 459 816 493 ἐκείνην

48 506 74 532 ἐν
91 509 143 537 τοῖς
156 505 314 543 εὐαγγελίοις
330 506 483 545 παρήγαγεν
496 508 509 534 ὁ
524 506 644 545 Χριστός.
660 501 714 534 ἿΙν
734 505 817 533 τοίνυν

49 549 94 578 καὶ
107 549 267 588 ἀλλόφυλος,
282 550 325 578 καὶ
347 551 461 579 Σιδωνία
472 574 479 586 ,
496 551 541 579 καὶ
560 550 641 587 γυνὴ,
662 551 691 579 τὸ
713 550 817 582 ἀσθενὲς

49 594 121 632 γένος
141 595 184 622 καὶ
200 595 325 623 πάντοθεν
339 594 458 632 δεόμενον
469 596 516 628 τῆς
530 595 698 632 ἀντιλήψεως.
709 594 816 630 Upon—“qv

50 639 95 667 καὶ
115 639 225 678 χηρεία,
252 640 374 678 τέταρτον
403 640 512 677 κώλυμα
526 652 531 657 ·
556 640 690 677 πέμπτον,
712 639 816 667 ἐκείνων

50 685 171 714 ἁπάντων
191 687 286 723 μεῖζον,
309 685 493 724 παιδοτροφίας
514 685 659 722 ἐπιμέλεια.
677 684 817 713 Ἀκουέτω-

50 727 98 759 σαν
111 731 136 758 αἱ
149 732 229 770 χῆραι
245 731 288 759 καὶ
302 732 397 763 παῖδας
413 731 569 770 τρέφουσαι,
585 733 619 763 ὼς
634 731 679 758 οὐκ
695 726 726 764 ἦν
740 730 816 765 ἱκανὴ

50 777 66 810 ἡ
79 777 175 815 σκῆψις
190 776 255 811 αὕτη
273 777 336 815 πρὸς
350 777 380 805 τὸ
402 776 438 814 μὴ
451 780 533 804 ποιεῖν
549 775 738 812 ἐλεημοσύνην,
751 774 818 813 μηδὲ

40 821 224 860 Δἔπι-οδέχεσῡαι
246 821 347 854 ξένους·
362 822 406 850 καὶ
429 821 490 859 δρὰξ
514 821 622 860 ἀλεύρου
646 820 819 849 ὑπελέλειπτο

51 867 139 904 μόνον,
151 867 195 896 καὶ
207 869 264 904 μετ’
281 867 381 901 ἐκείνην
393 867 501 899 θάνατος
516 867 700 905 προσεδοκᾶτο.
716 865 754 895 Σὺ
771 866 817 903 μὲν

49 911 100 950 γὰρ
113 911 160 940 κᾶν
173 912 276 940 ἅπαντα
291 911 405 951 κενώσῃς
422 912 455 941 τὰ
467 912 608 951 χρήματα,
619 911 667 940 κᾶν
679 911 820 950 γυμνώσῃς

49 959 96 992 τ’ἧς
112 957 262 996 περιουσίας
276 957 381 991 σαυτὸν,
401 957 508 986 δύνασαι
523 957 588 995 πρὸς
606 957 653 989 τὰς
669 956 763 996 ἑτέρων
777 957 820 985 06-

52 1014 97 1041 ρας
119 1003 239 1031 ἀπελῡεῖν
261 1002 306 1031 καὶ
329 1007 416 1041 τυχεῖν
436 1002 619 1041 παραμυθίας·
636 1001 694 1030 τότε
714 1002 740 1031 δὲ
763 1002 820 1031 οὐδὲ

51 1049 167 1077 ἐπαιτεῖν
192 1049 299 1077 δυνατὸν
322 1044 363 1083 ἦν,
389 1047 468 1080 οὕτως
494 1048 610 1080 ἅπαντας
634 1047 692 1080 τοὺς
713 1048 821 1085 λιμένας

51 1092 150 1132 ἔχωσεν
170 1096 183 1122 ὁ
201 1093 285 1131 λιμός.
299 1094 367 1122 Ἀλλ’
380 1093 451 1122 οὐδὲν
471 1093 569 1122 τούτων
591 1093 728 1121 ἐκώλυσεν.
745 1093 822 1121 Εἴπω

51 1139 97 1168 καὶ
119 1139 229 1177 ἕὸδομον
244 1139 368 1177 κώλυμα,
388 1139 462 1168 αὐτὸν
478 1140 521 1168 τὸν
536 1139 663 1176 μέλλοντα
679 1138 820 1172 ἐπιξενίζε-

53 1187 112 1213 σθαι
127 1187 159 1222 τῇ
171 1185 283 1223 γυναικί,
296 1185 365 1213 Οὐδὲ
377 1185 428 1224 γὰρ
443 1186 548 1219 οἰκεῖος,
569 1184 626 1213 οὐδὲ
637 1185 768 1224 γνώριμος
779 1181 820 1221 ἦν,

52 1229 121 1258 ἀλλὰ
142 1230 210 1263 ξένος
230 1230 275 1258 καὶ
297 1230 445 1270 ἀλλότριος,
469 1230 514 1258 καὶ
529 1231 586 1258 κατ’
602 1230 677 1258 αὐτὸν
689 1232 736 1263 τῆς
751 1231 820 1259 εὐσε-

52 1274 124 1307 Geta<
139 1275 214 1314 λόγον
234 1275 428 1315 κεχωρισμένος
444 1276 531 1310 αὔτ’ἧς.
547 1275 586 1303 Οὐ
607 1275 682 1312 μόνον
702 1274 727 1303 δὲ
753 1275 820 1308 ξένος

52 1320 97 1348 καὶ
113 1321 259 1360 ἀλλότριος,
276 1321 343 1350 ἀλλὰ
364 1321 408 1350 καὶ
435 1321 509 1353 αὐτὸς
530 1316 561 1355 ἦν
578 1322 591 1348 ὁ
605 1320 648 1348 τὸν
666 1320 742 1357 λιμὸν
756 1323 819 1350 ἐπα·

52 1365 150 1404 γαγών.

92 1772 160 1802 Ἀλλ’
174 1773 244 1802 οὐδὲν
269 1773 366 1802 τούτων
389 1773 520 1812 ἀπέτρεψε
543 1773 591 1808 τὴν
613 1778 738 1811 γυναῖκα,
761 1774 819 1802 ἀλλ’

52 1818 135 1846 ἐδίδου
152 1818 249 1857 τροφὴν
265 1810 375 1856 στόματι
390 1820 427 1856 τῷ
443 1824 529 1848 πᾶσαν
544 1819 623 1853 αὐτῆς
639 1818 820 1853 δαπανήσαντι

51 1863 98 1898 τὴν
112 1863 219 1903 τροφὴν,
234 1864 279 1892 καὶ
302 1865 345 1892 τὸν
366 1864 447 1893 αἴτιον
462 1867 506 1892 τοῦ
522 1865 599 1902 λιμοῦ
616 1868 670 1896 τοῖς
689 1864 821 1903 λειψάνοις

52 1909 143 1948 ἔτρεφε
159 1912 204 1938 τοῦ
215 1911 301 1947 λιμοῦ.
314 1909 365 1938 Διὰ
379 1909 423 1945 σὲ,
442 1910 531 1948 φησὶν,
544 1913 560 1944 ἡ
577 1910 667 1938 ἅπασά
686 1921 730 1947 μοι
741 1921 819 1948 περι-

53 1955 128 1983 ουσία
142 1957 177 1987 εἷς
189 1955 237 1989 τὴν
256 1955 340 1993 δράκα
355 1955 478 1993 περιέστη
493 1955 590 1990 ταύτην
601 1967 606 1972 ·
623 1956 680 1983 ἀλλ’
693 1955 749 1984 οὐδὲ
773 1958 820 1990 τ’ἧς

53 2000 146 2038 δρακὸς
162 2000 258 2034 ταύτης
269 2000 390 2038 φείδομαι
409 2000 452 2028 διὰ
477 1999 521 2035 σὲ,
544 1999 612 2028 ἀλλὰ
640 2000 684 2028 καὶ
703 2000 820 2037 ἐμαυτὴν

54 2045 98 2073 καὶ
108 2045 141 2073 τὰ
152 2045 245 2074 παιδία
259 2044 379 2073 ἐπιδώσω
394 2045 510 2083 θανάτῳ,
526 2044 568 2072 ἵνα
580 2044 611 2073 σὺ
624 2067 630 2079 ,
646 2046 736 2084 φησὶν,
748 2048 761 2074 ὁ
772 2047 821 2079 τῆς

53 2087 226 2129 στενοχιιῖρίας
238 2089 318 2121 αἴτιος
327 2112 333 2124 ,
344 2089 409 2126 μηδὲ
422 2089 518 2127 μικρὰν
531 2092 578 2124 τῆς
593 2090 767 2128 στενοχωρίας
780 2091 820 2118 αἴ-

54 2137 145 2170 σθησιν
158 2134 250 2173 λάὸῃς.
265 2134 349 2163 Ποίαν
362 2146 400 2166 τις
409 2134 555 2172 ὓπερόολὴν
566 2135 709 2169 ἐπινοήσειε
722 2135 822 2173 φιλοξε-

53 2181 110 2214 νίας
125 2181 232 2219 ἑτέραν;
250 2182 308 2209 Οὐκ
324 2180 392 2208 ἔστιν
406 2179 528 2217 οὐδεμίαν
543 2182 635 2219 εὑρεῖν.
662 2176 723 2208 Ele}
739 2180 820 2214 ξένον,

53 2226 97 2255 καὶ
111 2229 157 2261 τ’ἧς
180 2226 278 2265 φύσεως
303 2225 396 2258 εὐθέως
420 2226 633 2261 ἐπελάθετογκαὶ
657 2226 702 2258 τὰς
728 2227 821 2258 ὠδῖνας

53 2271 178 2310 ἠγνόησε,
198 2271 243 2299 καὶ
258 2271 322 2309 πρὸς
340 2270 383 2299 τὸν
398 2273 449 2298 τῶν
464 2270 566 2299 παίδων
583 2271 715 2309 βλέπουσα
729 2272 819 2310 χορὸν,

53 2319 82 2346 οὖ
98 2317 274 2351 κατεκλάσθη.
291 2317 343 2345 Καὶ
358 2312 416 2345 οἶδα
436 2317 483 2355 μὲν
499 2317 612 2350 ἀκούσας
634 2317 760 2349 πολλάκις
773 2319 820 2346 λε-

53 2362 149 2400 γόντων
162 2363 276 2396 πολλῶν,
292 2361 331 2390 ὅτι
351 2365 364 2390 ὁ
382 2363 452 2391 δεῖνα
473 2362 577 2400 πτωχὸν
591 2361 664 2397 ἰδὼν,
678 2362 720 2390 τὸν
741 2374 821 2401 χιτω-

52 2407 151 2443 νίσκον,
163 2408 190 2437 ὃν
200 2407 389 2446 περιεὲέξλητο
403 2407 490 2446 μόνον,
502 2411 592 2435 τοῦτον
610 2408 805 2444 ἀποδυσάμενος
814 2429 821 2442 ,

55 2453 99 2482 τὸν
113 2453 210 2491 γυμνὸν
231 2453 395 2491 περιέὸαλεν,
412 2453 487 2486 αὐτὸς
506 2452 533 2481 δὲ
554 2454 617 2490 παρ’
635 2453 722 2492 ἑτέρου
738 2454 822 2481 δανει-

57 2497 170 2536 σάμενος
184 2498 298 2535 ἱμάτιον,
309 2498 389 2531 οὕτως
404 2500 505 2532 ἀπῆλθε
515 2510 520 2515 ·
532 2498 576 2526 καὶ
595 2498 662 2537 μέγα
671 2498 739 2531 ἔδοξε
748 2502 823 2527 τοῦτο

59 2539 125 2572 εἶναι
143 2544 186 2571 καὶ
208 2544 365 2581 θαυμαστόν.
390 2544 443 2572 Καὶ
457 2543 507 2582 γὰρ
519 2544 598 2576 ὅντως
620 2544 675 2572 ἐστὶ
693 2544 761 2582 μέγα
772 2557 777 2562 ·
793 2546 824 2573 τὸ

60 2588 86 2616 δὲ
108 2590 154 2622 τῆς
174 2588 257 2627 χήρας
271 2589 365 2624 ταύτης
387 2588 452 2618 πολὺ
473 2589 563 2618 τούτου
588 2591 682 2625 μεῖζον.
708 2590 824 2622 Ἐκεῖνος

834 868 852 890 C

836 1778 854 1799 D

868 413 1041 451 relinquetur.
1054 414 1123 442 Tan]
1137 413 1229 442 multis
1241 414 1286 442 illa
1296 414 1496 453 impedimentis
1508 416 1586 444 intri-

868 465 924 486 cata
938 466 1003 494 erat,
1015 459 1059 487 sed
1073 459 1118 487 illa
1131 466 1215 487 tamen
1229 460 1371 499 interrupit
1381 468 1405 489 et
1415 461 1584 490 transcendit.

870 503 941 531 Audi
954 515 1027 532 vero.
1039 504 1194 543 Alienigena
1207 512 1279 533 erat:
1297 516 1379 534 unum
1390 513 1428 534 est
1440 506 1490 534 hoc
1502 507 1585 546 inipe—

867 549 1027 578 dimentum.
1043 550 1172 586 Sidonia3
1187 551 1336 579 secundum
1353 552 1583 590 impedimentum.

869 595 926 622 Non
951 595 1020 623 enim
1045 606 1095 634 par
1119 603 1157 624 est
1184 596 1302 625 conditio
1314 620 1320 630 ‚
1335 597 1356 625 si
1381 597 1529 635 alienigena
1551 599 1586 626 sis

869 640 966 676 quovis
985 648 1061 679 pacto
1071 663 1077 673 ‚
1093 649 1118 670 et
1132 643 1154 669 si
1170 652 1204 670 ex
1218 642 1319 671 Sidone
1333 643 1464 672 oriundus
1485 644 1586 683 impro-

868 684 978 713 bissima
991 686 1118 714 civitate:
1132 694 1267 725 tamquam
1281 688 1350 716 enim
1363 699 1474 717 summae
1486 690 1584 729 impro-

869 729 961 758 bitatis
976 732 1132 770 exemplum
1150 732 1176 760 in
1193 733 1339 771 evangeliis
1354 734 1430 762 illam
1446 735 1540 763 urbem
1559 735 1586 763 in

871 775 989 803 medium
1003 776 1125 805 Christus
1139 777 1262 806 adduxit.
1278 778 1343 807 Erat
1356 779 1439 817 igitur
1454 787 1478 808 et
1494 780 1587 808 alieni-

870 830 951 858 gena‚
965 827 990 849 ct
1011 821 1140 857 Sidonia,
1154 830 1178 850 et
1206 823 1319 860 mulier,
1336 834 1416 852 sexus
1440 824 1565 853 infirmus
1576 848 1584 860 ,

870 872 895 893 et
913 867 985 893 omni
1005 877 1038 894 ex
1054 874 1128 905 parte
1143 868 1264 896 subsidio
1284 868 1417 907 indigens.
1438 871 1588 899 Accedebat

872 910 1000 948 viduitas,
1013 914 1520 952 quartumimpedimentum:quintum
1533 916 1587 945 illis

871 956 997 985 omnibus
1009 958 1105 996 majus,
1119 958 1277 987 alendorum
1291 970 1353 988 cura
1368 960 1523 990 liberorum.
1533 964 1587 989 Λιι-

872 1001 947 1030 diant
962 1002 1066 1039 vidnze,
1084 1014 1115 1031 ac
1130 1003 1275 1032 liberorum
1292 1005 1424 1041 nutrices,
1439 1016 1490 1034 non
1506 1007 1588 1035 fuisse

873 1046 999 1075 idoneam
1014 1055 1039 1076 et
1054 1048 1203 1085 legitimam
1222 1049 1296 1077 illam
1312 1051 1521 1087 excusationem,
1537 1063 1589 1090 quo

874 1092 962 1120 minus
979 1093 1127 1132 impertiret
1139 1094 1346 1134 eleemosynam,
1357 1096 1399 1124 vel
1413 1096 1532 1135 hospites
1543 1107 1589 1125 ex-

873 1138 990 1176 ciperet:
1003 1145 1027 1166 et
1042 1139 1161 1177 pugillus
1174 1139 1269 1179 farina:
1281 1141 1401 1178 reliquus
1410 1149 1465 1169 erat
1475 1149 1588 1179 tantum,

873 1194 903 1211 ac
916 1190 975 1222 post
993 1183 1070 1212 illum
1086 1195 1156 1212 mors
1171 1185 1384 1223 exspectabatur.
1400 1187 1469 1214 Nam
1482 1194 1510 1215 tu
1524 1188 1590 1225 qui—

874 1229 935 1257 dem
950 1229 1012 1257 licet
1023 1240 1113 1257 omnes
1124 1230 1249 1268 pecunias
1265 1231 1425 1269 profuderis,
1436 1231 1497 1260 licet
1509 1233 1591 1261 sacul-

873 1274 974 1303 tatibus
995 1275 1110 1313 teipsum
1133 1275 1301 1313 spoliaveris,
1324 1283 1397 1314 potes
1417 1276 1452 1305 ad
1475 1277 1590 1306 aliorum

872 1321 940 1348 sores
962 1330 1088 1359 pergere,
1105 1327 1186 1358 atque
1213 1321 1274 1349 inde
1296 1322 1422 1354 solatium
1446 1323 1587 1352 obtinere:

872 1372 930 1393 tum
948 1376 1010 1394 vero
1035 1375 1119 1402 neque
1140 1365 1291 1394 mendicare
1312 1367 1423 1404 licebat,
1439 1368 1475 1396 ita
1495 1376 1589 1407 portus

873 1421 963 1439 omnes
982 1411 1065 1439 fames
1089 1410 1270 1439 obstruxerat.
1288 1411 1365 1440 Nihil
1383 1419 1470 1441 tamen
1492 1414 1589 1442 borum

872 1455 1023 1494 prohibuit.
1044 1455 1139 1483 Dicam
1153 1462 1177 1483 et
1191 1456 1337 1494 septimum
1351 1457 1587 1496 impedimentum,

873 1501 961 1540 ipsum
975 1501 1121 1537 nimirum,
1134 1512 1214 1539 quem
1230 1502 1328 1530 mulier
1344 1502 1460 1541 hospitio
1475 1504 1525 1532 t'uit
1539 1515 1588 1532 ex-

872 1553 990 1585 ceptura.
1016 1547 1085 1575 Nam
1109 1557 1194 1584 neque
1217 1547 1373 1583 familiaris,
1397 1559 1482 1586 neque
1512 1557 1590 1578 notus

872 1598 937 1627 erat,
948 1592 994 1620 sed
1003 1592 1160 1631 peregrinus
1172 1599 1197 1620 et
1209 1593 1324 1629 alicnus,
1340 1600 1365 1621 et
1380 1593 1438 1632 ipso
1453 1595 1589 1633 religionis

871 1637 906 1665 ab
918 1637 964 1665 illa
977 1645 1052 1676 septo
1063 1644 1210 1676 separatus.
1222 1639 1313 1675 Neque
1324 1649 1387 1667 vero
1398 1646 1501 1668 tantum
1515 1652 1589 1679 pere-

873 1683 976 1721 grinus5
989 1690 1014 1712 et
1029 1690 1144 1719 exteruS,
1156 1682 1201 1711 sed
1215 1683 1261 1711 ille
1277 1683 1334 1722 ipse
1350 1692 1416 1721 erat,
1429 1685 1475 1723 qui
1491 1687 1589 1715 samem

873 1729 1027 1758 induxerat.

911 1776 940 1803 9.
958 1775 1034 1804 Nihil
1050 1782 1137 1804 tamen
1158 1776 1255 1805 horum
1272 1777 1399 1806 feminam
1417 1778 1529 1815 avertit,
1542 1779 1589 1807 sed

873 1821 912 1849 ori
924 1821 1015 1849 cibum
1031 1821 1194 1860 porrigebat,
1208 1821 1280 1860 quod
1295 1833 1385 1851 omnes
1398 1823 1437 1850 illi
1454 1823 1527 1852 cibos
1541 1824 1589 1852 ab·

873 1873 1014 1902 sumserat,
1031 1873 1057 1894 et
1070 1867 1148 1894 samis
1164 1874 1297 1895 auctorem
1313 1867 1391 1896 famis
1405 1868 1525 1906 reliquiis
1539 1879 1590 1896 nu-

873 1913 980 1941 triebat.
996 1914 1109 1951 Propter
1118 1919 1153 1949 te,
1164 1913 1260 1949 inquit,
1271 1913 1410 1941 facultates
1421 1924 1513 1941 omnes
1524 1924 1588 1942 meoe

874 1958 908 1986 ad
924 1958 996 1986 hunc
1006 1957 1142 1996 pugillum
1155 1957 1267 1985 redactae
1281 1965 1343 1985 suut
1356 1958 1413 1986 :sed
1426 1969 1472 1986 nec
1482 1958 1526 1986 isti
1538 1969 1588 1997 pu—

874 2003 939 2041 gillo
953 2009 998 2030 tua
1016 2012 1095 2030 causa
1110 2012 1226 2039 parcam,
1243 2012 1338 2030 verum
1353 2010 1377 2031 et
1392 2014 1434 2031 me
1448 2010 1472 2031 et
1491 2003 1588 2033 liberos

876 2058 946 2075 meos
961 2047 1087 2084 objiciam
1100 2046 1227 2081 morti‚ut
1243 2054 1281 2081 tu,
1291 2047 1386 2085 inquit,
1402 2048 1484 2087 hujus
1496 2056 1589 2078 auctor

875 2091 1038 2121 necessitatis
1045 2102 1076 2119 ne
1085 2091 1226 2120 minimum
1237 2092 1345 2130 quidem
1357 2094 1518 2123 necessitatis
1530 2106 1590 2124 sen-

875 2148 934 2166 sum
949 2137 1048 2175 capias.
1063 2136 1112 2164 Cui
1125 2137 1214 2175 potuit
1226 2148 1354 2175 umquam
1370 2140 1457 2177 majus
1468 2139 1588 2179 hospita—

875 2182 958 2210 litatis
969 2181 1088 2210 studium
1100 2182 1127 2209 in
1139 2189 1253 2210 mentem
1264 2183 1355 2212 venire
1365 2184 1378 2212 Ρ
1387 2185 1499 2213 Nullum
1511 2186 1589 2224 plane

876 2227 966 2256 licebit
989 2227 1115 2266 reperire.
1131 2227 1210 2257 Vidit
1234 2229 1422 2267 peregrinum,
1435 2237 1460 2258 et
1487 2238 1588 2260 naturae

876 2273 1012 2302 confestim
1027 2273 1110 2301 oblita
1123 2279 1172 2308 est,
1185 2273 1291 2302 dolores
1304 2281 1397 2313 partus
1408 2275 1551 2313 ignoravit,
1562 2284 1588 2306 et

876 2319 959 2348 oeulis
975 2318 1009 2347 ad
1023 2319 1142 2347 filiorum
1154 2319 1261 2348 turbam
1274 2321 1409 2349 conversis
1425 2322 1514 2351 animo
1535 2323 1588 2351 fra-

877 2371 918 2393 cta
930 2375 981 2393 non
994 2371 1042 2393 est.
1054 2366 1091 2392 Ae
1102 2374 1144 2392 me
1157 2364 1267 2402 quidem
1282 2366 1336 2394 scio
1351 2366 1501 2404 frequenter
1511 2368 1589 2396 audi-

876 2410 928 2438 isse
950 2409 1048 2438 multos
1066 2410 1111 2448 qui
1136 2410 1254 2438 dicerent
1266 2422 1271 2438 :
1284 2411 1334 2439 llle
1358 2422 1418 2440 cum
1444 2424 1589 2452 pauperem

877 2455 1075 2495 conspexisset,
1090 2455 1209 2483 tunicam
1221 2478 1228 2491 ,
1244 2467 1296 2493 qua
1315 2457 1369 2485 sola
1390 2465 1445 2486 erat
1461 2459 1571 2487 indutus
1581 2482 1588 2494 ‚

877 2511 977 2529 exuens
989 2499 1092 2528 nudum
1107 2500 1214 2528 vestivit
1226 2512 1233 2537 3
1246 2501 1301 2539 ipse
1313 2513 1453 2537 ver0‚cum
1468 2510 1589 2531 mutuam

878 2546 912 2574 ab
926 2546 1008 2574 altero
1026 2553 1124 2573 vestem
1140 2547 1287 2580 sumsisset,
1301 2547 1398 2575 deinde
1412 2548 1533 2576 discessit
1547 2560 1552 2574 :
1566 2557 1591 2576 et

880 2592 931 2620 hoe
945 2602 1072 2629 magnum
1083 2591 1149 2629 quid
1164 2598 1188 2619 et
1203 2591 1327 2619 mirabile
1340 2593 1428 2620 visum
1440 2600 1486 2621 est.
1502 2593 1590 2631 Siqui-

1588 289 1722 307 cnuth-uum

1588 319 1696 338 divitibus

1590 350 1663 369 vitiu...

1595 694 1679 716 Mallh.
1701 699 1736 713 ιι.

1597 731 1635 746 21.
1650 731 1686 746 22.
