1823 2789
46 954 129 973 ἦῙιιΙΙΙι,
148 952 181 976 18.

47 982 82 1005 13.

115 2059 195 2081 Debita

196 148 242 193 04

195 226 244 247 test
258 218 414 254 rescindere,
425 219 471 247 sed
487 229 537 247 non
550 225 659 258 potesta
675 224 758 246 morte
772 227 907 253 revocare3

194 272 273 303 atque
296 264 366 293 illud
379 264 487 303 quidem
502 265 583 293 habet
600 265 673 303 quod
687 263 803 292 deterius
814 269 862 300 est,
879 272 909 290 eo

194 321 258 339 vero
268 310 410 339 destitutus
424 317 471 347 est,
486 310 557 348 quod
566 317 604 339 est
617 309 795 349 praestantius.
806 310 909 337 Rursus

195 356 382 396 magistratum
401 367 435 384 ex
462 356 570 395 cingulo
589 355 764 391 aestimamus,
786 365 820 382 ex
845 364 909 382 voce

194 403 333 442 praeconis,
348 413 381 431 ex
401 402 569 438 satellitibus,
585 412 619 430 ex
637 411 726 437 curru,
752 411 786 428 ex
808 400 907 438 gladi0;

193 448 250 477 haec
265 449 336 476 enim
348 448 437 476 omnia
457 447 626 486 magistratus
639 452 701 474 sunt
717 445 840 483 insignia.
857 445 908 474 Vi-

193 493 303 522 deamus
320 493 402 532 igitur
419 504 483 521 num
508 492 696 531 Apostolorum
719 491 797 519 etiam
818 490 908 529 magi—

193 547 292 568 stratus
306 539 361 567 haee
376 539 472 567 habeat
488 537 602 576 insignia
614 548 619 564 ε
633 537 712 564 habet
725 536 771 564 ille
786 535 908 574 quidem,

193 585 239 614 sed
254 595 305 613 1101]
319 584 391 621 talia,
405 594 498 612 verum
510 583 594 611 multo
614 581 806 620 praestantiora.
821 583 909 618 Atque

194 640 225 661 ut
246 632 378 671 intelligas
401 632 458 659 haec
472 629 580 668 quidem
603 640 692 658 rerum
708 640 763 657 esse
779 629 885 657 nomina
899 651 906 665 ‚

192 677 240 705 illa
267 687 329 706 vero
347 687 436 705 rerum
466 675 603 704 veritatem
619 686 625 701 ι
641 681 670 702 ut
694 673 767 712 quod
786 674 820 702 sit
848 673 909 702 dis-

194 723 294 752 crimen
311 722 443 760 intelligas
469 721 538 749 inter
566 730 663 759 pueros
684 719 731 758 qui
765 719 908 759 magistra-

193 775 236 796 tus
261 768 359 796 ludunt
381 774 406 796 et
435 777 478 795 eos
506 766 553 804 qui
581 765 752 804 magistratus
784 772 878 804 gerunt
899 777 908 802 ;

193 824 240 851 ac,
265 813 287 841 si
308 813 402 852 placet,
427 823 442 840 a
462 822 566 840 carcere
595 811 703 840 initium
729 811 909 839 enumeratio-

193 858 234 887 nis
245 858 383 886 ducemus.
402 857 530 886 Diximus
547 857 619 885 enim
643 857 670 885 in
693 864 820 896 potestate
829 857 910 885 situm

193 915 247 932 esse
267 904 448 942 magistratus,
460 910 489 931 ut
503 903 606 931 vim-,iat
618 910 643 931 et
658 903 753 932 solvat.
768 902 840 932 Vide
852 914 910 931 rur-

194 960 238 978 sus
253 949 302 978 hoe
325 949 468 989 imperium
483 960 537 977 0550
554 959 631 988 penes
647 949 795 988 Apostolos.
815 950 910 987 Quos-

194 1006 316 1033 cumque
330 997 407 1023 enim
433 995 593 1033 ligaveritis
608 1004 693 1033 super
719 1001 838 1031 terram,
867 994 909 1022 in—

193 1041 261 1079 quit,
282 1047 367 1069 erunt
384 1041 468 1079 ligati
490 1042 521 1068 in
545 1041 623 1068 caelis
636 1052 644 1067 .-
671 1046 698 1068 et
717 1050 912 1079 quoscumque

194 1087 336 1115 solveritis
351 1097 436 1125 super
451 1093 568 1120 terram,
583 1092 668 1114 erunt
679 1086 767 1114 soluti
781 1087 812 1113 in
823 1086 911 1114 ecelis.

193 1132 278 1163 Vides
290 1133 414 1170 carceris,
428 1139 452 1160 et
462 1131 573 1160 carceris
585 1139 741 1171 potestatem
759 1143 764 1158 :
780 1138 805 1159 et
817 1141 911 1159 nomen

195 1178 302 1217 quidem
329 1178 413 1213 idem,
444 1188 500 1206 rem
525 1184 615 1206 autem
642 1177 753 1205 minime
780 1176 911 1204 eamdem.

194 1224 310 1253 Vincula
326 1231 351 1252 et
376 1224 498 1261 vincula;
513 1223 558 1251 sed
590 1223 643 1251 alia
667 1223 694 1251 in
708 1230 789 1258 terra,
805 1222 831 1250 in
851 1222 913 1250 caelo

196 1270 259 1299 alia.
282 1270 385 1298 Caelum
403 1270 503 1308 quippe
518 1279 605 1297 carcer
632 1268 687 1297 illis
707 1275 754 1296 est.
779 1268 914 1306 Cognosce

195 1316 278 1354 igitur
297 1315 503 1354 amplitudinem
517 1314 696 1352 magistratus.
714 1314 744 1341 In
766 1313 843 1341 terris
874 1323 913 1341 se-

197 1361 288 1389 dentes
298 1360 456 1389 sententiam
466 1361 563 1393 serunt,
582 1366 606 1387 et
619 1358 655 1386 ad
675 1358 751 1386 caelos
767 1368 850 1395 usque
863 1368 914 1396 pe-

197 1413 282 1435 netrat
297 1406 383 1435 virtus
397 1404 543 1433 sententiat.
567 1404 602 1432 Et
619 1402 845 1442 quemadmodum
856 1404 913 1431 Im-

196 1459 330 1492 peratores
365 1451 392 1479 in
419 1461 473 1479 una
499 1449 608 1488 quidem
639 1449 747 1478 civitate
772 1447 915 1477 residentes

196 1498 351 1526 sententiam
367 1497 465 1530 serunt,
480 1506 510 1524 ac
530 1495 601 1532 leges
622 1495 755 1529 sanciunt,
773 1500 916 1522 (1050111011-

198 1544 295 1571 tiarum
310 1543 453 1580 legumque
460 1541 501 1570 vis
510 1540 665 1569 universum
679 1540 771 1568 orbem
784 1545 916 1567 terrarum

199 1595 316 1628 petineat
330 1600 335 1615 :
351 1588 389 1616 sie
404 1587 482 1615 etiam
500 1593 556 1614 tum
569 1585 696 1625 temporis
718 1586 840 1624 Apostoli
852 1585 916 1623 qui-

202 1632 263 1660 dem
287 1642 339 1660 uno
367 1632 393 1659 in
420 1631 477 1659 loco
500 1629 643 1659 residentes
666 1630 723 1658 11ωο
743 1629 916 1658 sanciebant:

199 1688 278 1716 porro
291 1678 380 1715 legum
395 1677 482 1706 virtus
500 1683 524 1704 et
538 1676 708 1705 vinculorum
731 1675 842 1704 istorum
863 1686 915 1704 non

199 1723 285 1752 solum
295 1723 387 1751 orbem
397 1729 527 1751 terrarum
542 1721 714 1760 pervadebat,
725 1720 771 1749 sed
783 1721 817 1749 ad
828 1721 915 1760 ipsum

200 1769 326 1797 eaelorum
343 1768 479 1806 fastigium
495 1766 661 1795 ascendebat.
679 1766 763 1796 Vides
783 1777 915 1795 carcerem

201 1821 225 1843 et
241 1824 382 1850 carcerem,
397 1813 510 1842 alterum
525 1813 553 1840 in
567 1812 653 1849 terris,
663 1811 811 1840 alterumin
826 1811 914 1846 caeiis3

201 1861 314 1888 alterum
342 1869 496 1898 corporum,
521 1858 635 1886 alterum
657 1857 807 1886 animarum
827 1869 832 1885 :
860 1857 916 1885 imo

202 1915 264 1933 vero
291 1910 315 1932 et
342 1904 492 1931 animarum
511 1909 537 1931 et
561 1912 722 1940 corporum:
738 1912 823 1939 neque
844 1902 915 1930 enim

200 1961 309 1989 corpora
323 1956 436 1984 tantum,
450 1948 495 1977 5011
505 1948 584 1977 etiam
600 1948 702 1976 animas
715 1948 874 1976 vinciebant.

243 1997 271 2025 5.
285 1996 337 2026 Vis
348 1996 505 2033 intelligere,
522 2004 573 2032 quo
588 2001 665 2033 pacto
688 1994 714 2021 in
734 2000 862 2032 potestate
881 1993 916 2022 il-

203 2042 293 2069 lorum
307 2048 373 2069 esset
388 2048 413 2069 et
426 2040 517 2068 debita
541 2039 698 2068 dimittere?
718 2039 855 2077 Siquidem
873 2039 918 2068 hic

55 2092 196 2112 dimittebant
206 2096 312 2125 quoque
343 2086 457 2114 multum
480 2085 644 2114 discriminis
670 2085 808 2114 offendes:
834 2096 918 2124 neque

56 2122 163 2150 Apostoli.

57 2189 125 2210 Imm.
139 2196 175 2211 20.

207 2132 276 2161 enim
286 2131 459 2171 pecuniarum
476 2131 576 2167 debita,
589 2130 635 2159 sed
650 2138 817 2170 peccatorum
829 2130 918 2159 debita

207 2177 386 2206 remittebant.
402 2177 529 2213 Quorum
541 2178 629 2211 enim,
643 2177 739 2214 inquit,
753 2179 918 2206 remiseritis

206 2229 338 2263 peccata,
351 2224 537 2250 remittuntur
547 2223 597 2255 eis,
611 2228 636 2250 et
650 2233 770 2260 quorum
790 2225 919 2252 retinue-

207 2271 281 2304 ritis,
305 2274 418 2296 retenla
435 2273 512 2295 sunt.
537 2266 610 2301 Quid
632 2274 692 2305 post
714 2267 772 2295 liaee
796 2279 864 2306 opus
881 2276 919 2297 est

208 2313 342 2343 ostendere
360 2323 404 2341 005
420 2312 454 2341 ad
464 2319 575 2340 mortem
591 2312 777 2348 transmisisse,
788 2324 818 2341 ae
828 2324 918 2342 rursus

207 2371 222 2388 a
238 2366 322 2388 morte
335 2369 481 2393 revocasse,
505 2368 557 2386 11011
575 2364 633 2397 post
647 2358 802 2387 sententiam
817 2365 918 2388 tantum

207 2405 297 2441 latam,
310 2411 335 2432 et
347 2404 403 2442 jam
414 2403 542 2431 abductos
559 2403 593 2431 ad
608 2403 771 2443 supplicium
798 2404 917 2433 liberan-

208 2458 258 2487 tes,
270 2450 315 2479 sed
330 2450 415 2489 reipsa
426 2449 563 2477 defunctos
573 2449 658 2488 etjam
673 2450 816 2478 exstinctos
826 2461 840 2478 a
849 2461 917 2478 mor-

208 2498 261 2526 tuis
276 2497 419 2525 excitantes
432 2496 444 2523 i‘
458 2495 512 2524 Ubi
527 2506 589 2534 ergo
598 2496 806 2525 condemnarunt
820 2497 832 2524 ‚⁰
846 2497 891 2524 ubi
905 2508 918 2524 a

209 2550 292 2572 morte
304 2542 496 2573 vindicarunt?
512 2542 624 2571 Ananias
646 2549 670 2571 et
685 2543 817 2582 Sapphira
836 2543 917 2572 sacri-

515 157 544 180 S.
572 157 711 181 JOARMS
737 157 916 180 CHRYSOST.
947 155 1101 178 ARCfflEI‘.
1131 155 1397 178 CONSTANTINOP.

964 218 1015 244 τῶν
1040 215 1151 244 παιδίων
1173 218 1224 244 τῶν
1238 216 1382 249 παιζόντων
1398 215 1496 255 ἀρχὰς,
1511 216 1556 244 καὶ
1577 217 1628 244 τῶν
1643 217 1731 255 ἀρχῶν

964 263 1015 289 τῶν
1036 261 1148 299 ἐχόντων
1167 261 1212 294 τὰς
1231 262 1314 300 ἀρχάς
1325 273 1331 278 ·
1349 262 1393 290 καὶ
1406 283 1413 296 ,
1431 263 1454 289 εἷ
1470 260 1609 299 βούλεσθε,
1624 262 1676 290 ἀπὸ
1686 264 1731 289 τοῦ

964 307 1144 345 δεσμωτηρίου
1158 308 1262 346 πρῶτον
1279 308 1469 345 ἀριθμήσομεν.
1490 307 1543 336 Καὶ
1557 306 1607 345 γὰρ
1622 305 1730 345 εἰρήκα-

964 364 1021 390 μεν,
1041 352 1081 381 ὅτι
1101 352 1187 392 κύριος
1205 355 1250 381 τοῦ
1269 354 1346 388 δῆσαι
1368 353 1413 382 καὶ
1427 353 1505 382 λῦσαί
1521 355 1590 382 ἐστιν
1604 355 1618 381 ὁ
1631 352 1728 392 ἅρχων.

964 398 1035 437 υΟρα
1056 397 1087 433 δὴ
1105 398 1202 434 ταύτην
1214 398 1261 433 τὴν
1275 400 1359 438 ἀρχὴν
1371 398 1428 432 τοὺς
1442 398 1600 431 ἀποστόλους
1613 399 1729 437 ἔχοντας.

962 443 1060 476 ιὈιετους
1073 444 1123 483 γὰρ
1143 444 1172 472 ἂν
1191 444 1287 480 δήσητε
1302 444 1345 472 ἐπὶ
1365 447 1411 479 τῆς
1432 447 1497 484 γῆς,
1519 445 1607 484 φησὶν,
1626 444 1730 473 ἔσονται

961 490 1093 528 δεδεμένοι
1117 492 1143 519 ἐν
1163 494 1217 523 τοῖς
1233 492 1350 530 οὐρανοῖς
1361 502 1367 507 ·
1383 490 1427 518 καὶ
1445 491 1518 522 ὅσους
1533 490 1562 518 ἂν
1575 490 1671 525 λύσητε
1685 489 1730 518 ἐπὶ

960 539 1007 571 τῆς
1021 538 1069 574 γῆς
1081 536 1183 565 ἔσονται
1193 536 1330 574 λελυμένοι
1344 537 1370 564 ἓν
1385 538 1510 575 οὐρανοῖς.
1539 532 1614 569 Εἶδες
1629 537 1729 574 δεσμω-

960 582 1049 621 τηρίου
1059 605 1066 618 ,
1081 582 1126 611 καὶ
1138 582 1320 622 δεσμωτηρίου
1339 582 1455 616 ἐξουσίαν
1464 594 1470 600 ·
1483 582 1529 611 καὶ
1542 584 1571 612 τὸ
1584 582 1630 620 μὲν
1646 582 1729 620 ὄνομα

960 628 990 656 τὸ
1001 629 1063 658 αὐτὸ
1071 651 1078 664 ,
1091 629 1120 658 τὸ
1131 628 1158 658 δὲ
1169 633 1281 668 πρᾶγμα
1293 630 1321 658 οὗ
1331 628 1362 658 τὸ
1373 629 1444 658 αὐτό.
1459 628 1552 666 Δεσμὰ
1561 651 1568 664 ,
1580 628 1625 657 καὶ
1637 627 1729 665 δεσμοί·

962 673 1029 703 ἀλλὰ
1043 673 1074 702 τὰ
1092 674 1138 712 μὲν
1156 674 1200 702 ἐπὶ
1213 676 1260 709 τ’ῆς
1273 676 1338 712 γῆς,
1355 674 1389 702 τὰ
1404 673 1431 703 δὲ
1446 676 1471 703 ἐν
1484 675 1596 713 οὐρανῷ.
1612 673 1731 712 Οὐρανὸς

961 719 1011 758 γάρ
1033 720 1103 748 ἐστιν
1125 720 1211 751 αὐτοῖς
1228 720 1258 748 τὸ
1278 719 1467 759 δεσμωτήριον.
1497 720 1573 748 Μάθε
1594 719 1680 748 τοίνυν
1700 719 1731 748 τὸ

962 765 1068 803 μέγεθος
1081 768 1128 800 τῆς
1143 766 1237 804 ἀρχῆς.
1262 764 1326 794 Ἐπὶ
1344 768 1390 800 τῆς
1404 767 1452 805 γῆς
1466 765 1608 803 καθήμενοι
1623 764 1730 804 φέρουσι

961 811 1008 846 τὴν
1024 812 1109 850 ψῆφον
1121 833 1128 846 ,
1144 811 1188 839 καὶ
1203 813 1250 845 τῆς
1265 811 1352 849 ψήφου
1367 813 1384 846 ἡ
1402 811 1511 849 δύναμις
1526 810 1655 839 &meatim
1670 809 1730 843 τοὺς

961 857 1094 898 οὐρανούς.
1115 857 1168 886 Καὶ
1182 856 1301 897 καθάπερ
1314 859 1337 886 οἱ
1351 857 1397 895 μὲν
1416 859 1534 895 βασιλεῖς
1547 856 1690 895 καθήμενοι
1703 857 1730 884 ἐν

963 908 1011 941 μιᾷ
1021 902 1096 931 πόλει
1111 902 1266 942 ψηφίζονται
1284 902 1329 931 καὶ
1339 905 1529 940 νομοθετοῦσιν,
1546 905 1562 937 ἡ
1577 901 1604 930 δὲ
1615 903 1666 930 τῶν
1680 903 1730 940 ψη-

962 948 1098 987 φισμάτων
1123 948 1168 977 καὶ
1192 950 1244 976 τῶν
1260 948 1346 986 νόμων
1361 947 1469 986 δύναμις
1491 953 1578 977 πᾶσαν
1599 946 1731 985 διατρέχει

961 994 1008 1029 τὴν
1026 993 1180 1032 οἰκουμένην
1191 1005 1197 1011 ·
1213 993 1280 1022 οὕτω
1299 994 1343 1022 καὶ
1360 993 1418 1022 τότε
1429 1016 1436 1029 ,
1449 995 1472 1022 οἱ
1487 993 1534 1031 μὲν
1549 993 1690 1021 ἀπόστολοι
1703 993 1730 1020 ἐν

962 1039 999 1068 ἑνὶ
1013 1041 1086 1079 τόπῳ
1098 1039 1243 1077 καθήμενοι
1258 1042 1340 1067 ταῦτα
1353 1038 1519 1076 ἐνομοθέτουν
1528 1050 1534 1056 ’
1549 1041 1565 1073 ἦ
1579 1038 1606 1067 δὲ
1620 1040 1672 1066 τῶν
1686 1037 1729 1066 νό-

963 1098 1018 1124 μων
1041 1087 1149 1124 δύναμις
1158 1107 1165 1120 ,
1194 1085 1238 1113 καὶ
1264 1087 1315 1113 τῶν
1345 1086 1448 1122 δεσμῶν
1468 1085 1576 1118 τούτων,
1602 1083 1661 1122 οὐχὶ
1682 1083 1730 1118 τὴν

962 1131 1115 1169 οἰκουμένην
1139 1131 1216 1169 μόνον
1239 1131 1380 1169 διέτρεχεν,
1403 1129 1471 1158 ἀλλὰ
1496 1130 1539 1158 καὶ
1564 1131 1598 1161 εἷς
1621 1128 1682 1157 αὐτὸ
1702 1129 1732 1157 τὸ

963 1176 1025 1215 ὕψος
1039 1178 1091 1205 τῶν
1104 1178 1218 1216 οὐρανῶν
1231 1176 1373 1204 ἀνέὸαινεν.
1398 1171 1473 1207 Εἶδες
1485 1174 1672 1213 δεσμωτήριον,
1687 1174 1732 1202 καὶ

964 1223 1157 1261 δεσμωτήριον·
1180 1223 1210 1251 τὸ
1233 1221 1278 1259 μὲν
1299 1222 1342 1250 ἐπὶ
1362 1224 1426 1259 γῆς,
1439 1221 1470 1250 τὸ
1484 1221 1512 1250 δὲ
1525 1222 1552 1249 ἐν
1567 1222 1666 1259 οὐρανῷ
1676 1241 1684 1255 ,
1701 1220 1732 1248 τὸ

965 1270 1012 1306 μὲν
1031 1269 1173 1306 σωμάτων,
1192 1269 1222 1297 τὸ
1243 1267 1269 1295 δὲ
1289 1269 1396 1306 ψυχῶν·
1421 1268 1519 1305 μᾶλλον
1537 1266 1564 1295 δὲ
1583 1266 1627 1294 καὶ
1640 1267 1731 1304 ψυχῶν

964 1314 1008 1343 καὶ
1023 1314 1152 1352 σωμάτων
1162 1325 1168 1331 ·
1184 1315 1212 1342 οὔ
1228 1313 1278 1352 γὰρ
1293 1312 1404 1351 σώματα
1419 1312 1541 1350 ἐδέσμουν
1561 1311 1647 1350 μόνον,
1663 1310 1731 1339 ἀλλὰ

965 1359 1009 1388 καὶ
1024 1360 1118 1398 ψυχάς.

1010 1992 1103 2021 Βούλει
1134 1994 1225 2029 μαθεῖν
1254 1993 1310 2023 πῶς
1331 1990 1415 2030 κύριοι
1440 1986 1507 2026 ἦσαν
1531 1991 1575 2020 καὶ
1594 1990 1735 2030 ὀφλήματα

970 2040 1072 2078 ἀφεῖναι
1084 2051 1090 2075 ;
1107 2038 1160 2066 Καὶ
1174 2037 1224 2076 γὰρ
1238 2037 1282 2066 καὶ
1294 2039 1402 2066 ἐνταῦθα
1416 2036 1481 2065 πολὺ
1495 2037 1523 2065 τὸ
1535 2037 1654 2076 διάφορον
1669 2036 1734 2076 ὄψει·

970 2087 998 2114 οὐ
1014 2083 1064 2124 γὰρ
1078 2083 1219 2123 ὀφλήματα
1234 2082 1390 2122 χρημάτων,
1412 2083 1469 2111 ἀλλ’
1486 2083 1626 2121 ὀφλήματα
1643 2082 1737 2121 ἆμαρ-

945 2147 954 2168 3
971 2129 1096 2168 τημοίτων
1108 2129 1232 2168 ἀφίεσαν·
1248 2129 1295 2157 Ὡν
1308 2128 1359 2167 γὰρ
1370 2151 1377 2164 ,
1393 2128 1481 2167 φησὶν,
1496 2129 1579 2167 ἀφῆτε
1590 2127 1636 2160 τὰς
1651 2127 1736 2166 ἁμαρ-

973 2176 1039 2212 τίας,
1056 2175 1188 2214 ἀφέωνται
1202 2175 1301 2206 αὐτοῖς·
1320 2173 1364 2202 καὶ
1382 2169 1417 2202 ὧν
1435 2173 1465 2201 ἂν
1486 2175 1616 2211 κρατῆτε,
1636 2172 1735 2210 κεκρά-

973 2233 1074 2257 τηνται.
1098 2220 1134 2249 Τί
1160 2219 1228 2258 μετὰ
1247 2221 1322 2248 τοῦτο
1343 2218 1476 2251 ἀποδεῖξαι
1496 2217 1566 2256 χρὴ,
1582 2217 1623 2246 ὅτι
1641 2217 1686 2245 καὶ
1701 2219 1737 2250 εἰς

973 2267 1082 2296 Θάνατον
1104 2267 1230 2304 ἔπεμπον,
1251 2264 1295 2293 καὶ
1317 2263 1369 2293 ἀπὸ
1392 2263 1501 2292 θανάτου
1521 2263 1599 2291 πάλιν
1615 2263 1734 2296 ἐκάλουν,

973 2315 1018 2342 οὐκ
1033 2313 1058 2346 ἐξ
1072 2312 1227 2351 ἀποφάσεως
1239 2311 1319 2348 μόνης
1327 2333 1333 2345 ,
1348 2309 1393 2338 καὶ
1406 2311 1562 2347 ἀπαγωγῆς,
1574 2308 1642 2337 ἀλλὰ
1652 2308 1696 2337 καὶ
1707 2310 1736 2337 ἐκ

973 2359 1082 2388 Θανάτου
1091 2358 1148 2391 τοὺς
1158 2356 1290 2395 κειμένους
1300 2356 1350 2390 ἤδη
1360 2354 1404 2383 καὶ
1415 2354 1602 2394 διαφθαρέντας
1613 2354 1737 2382 ἅνιστῶν-

972 2417 1028 2438 τες;
1043 2406 1100 2432 Ποῦ
1113 2403 1197 2432 τοίνυν
1212 2401 1403 2435 κατεδίκασαν,
1419 2402 1468 2428 ποῦ
1484 2400 1510 2428 δὲ
1526 2399 1677 2433 ἀπήλλαξαν
1691 2401 1736 2427 Οα-

973 2451 1066 2485 νάτου;
1081 2449 1114 2478 ‘O
1126 2448 1242 2481 Ἀνανίας
1254 2448 1299 2477 καὶ
1311 2449 1327 2481 ἡ
1342 2445 1481 2484 Σάπφειρα
1495 2444 1638 2484 ἱεροσυλίας
1650 2444 1735 2473 ἑάλω-

974 2507 1032 2525 σαν·
1055 2497 1077 2523 εἰ
1098 2494 1149 2534 γὰρ
1166 2494 1210 2523 καὶ
1224 2493 1257 2522 τὰ
1271 2494 1369 2521 ἑαυτῶν
1387 2490 1497 2529 ἔκλεψαν
1521 2490 1661 2530 χρήματα,
1677 2491 1735 2518 ἀλλ’

972 2543 1042 2580 ὅμως
1069 2541 1213 2580 ἱεροσυλίας
1239 2541 1268 2568 τὸ
1294 2539 1417 2576 τόλμημα
1441 2532 1487 2571 ἦν·
1523 2536 1588 2574 μετὰ
1611 2535 1662 2575 γὰρ
1686 2535 1734 2569 τὴν
