1830 2829
503 169 534 191 IN
565 169 674 199 HAAED,
705 170 735 192 ΙΝ
767 171 888 193 mett-:M
917 171 1025 194 1³13Tn0
1054 172 1196 195 til-:S'l‘trh

79 231 203 266 ἀλήθειαν
226 234 270 260 ron
293 232 520 271 εὖαγγελίου,κα“ι
546 234 586 262 ὅτι
610 234 772 271 ἐπιτιμηθεὶς
803 234 845 262 ἐπὶ

1543 167 1606 206 451

899 240 924 262 et
939 244 990 262 non
1006 241 1074 263 recte
1088 234 1243 264 ambulabat
1262 235 1296 264 ad
1317 236 1453 266 veritatem
1470 240 1612 278 evangeiii,

77 278 176 312 τούτοις
187 278 293 318 ἐσίγησε
302 302 310 314 ‚
327 278 452 318 μεγίστην
460 279 514 307 ἀπὸ
526 281 572 314 τ’ἥς
583 280 740 318 κατηγορίας
750 279 846 315 ταύτης
863 289 882 311 n
899 290 1014 318 cumque
1022 287 1130 320 propter
1142 280 1199 310 baec
1211 281 1370 321 objurgatus
1383 283 1501 312 siluisset
1512 297 1516 312 :
1533 286 1614 314 maxi-

77 325 248 354 διδασκαλίαν
261 324 423 363 ἐλάμὸανον,
438 327 475 358 εἰς
490 325 519 354 τὸ
531 325 627 364 μηκέτι
639 325 778 365 προσέχειν
792 330 845 358 τοῖς

77 372 228 403 Ἰουδαϊκοῖς
243 370 322 400 ἔθεσι,
339 371 390 399 Διὰ
397 373 474 400 τοῦτο
488 371 531 400 καὶ
544 372 649 404 Παῦλος
659 371 703 400 καὶ
718 372 776 400 τότε
787 373 846 400 ἔπε-

77 416 186 455 τίμησε,
197 416 241 445 καὶ
249 419 293 445 νῦν
307 415 437 455 μέμνηται
451 419 498 452 τῆς
508 417 567 446 τότε
581 417 722 456 γενομένης
735 417 845 452 ἐπιπλή-

78 463 151 496 ξεως·
174 463 218 492 καὶ
232 462 323 491 τούτου
338 463 385 491 οὐκ
405 463 511 493 ἔλαττον
533 464 577 492 τὸν
596 463 697 503 Πέτρον
711 463 754 492 διὰ
768 467 844 493 τοῦτο

77 508 209 547 θαυμάσαι
223 509 290 547 χρὴ,
305 508 513 547 καταδεξάμενον
533 509 636 538 ἅπαντα
651 509 684 538 τὰ
708 509 842 548 εἰρημένα.

76 554 110 584 Ὁ
117 555 167 594 γὰρ
175 554 204 583 τὸ
212 559 264 583 πᾶν
275 555 455 594 κατωρθωκὼς
465 551 538 588 οὗτός
548 557 629 591 ἔστιν,
644 558 656 584 ὁ
666 555 843 595 ἀνασχόμενος

75 602 304 639 κατηγορηῡῆναι,
328 601 372 629 καὶ
387 601 508 640 σιγήσας.
531 603 618 630 Τοῦτο
637 603 683 636 τῆς
697 601 844 639 οἰκονομίας

75 646 104 675 τὸ
123 646 222 686 κέρδος.
240 646 332 679 Οὕτως
351 649 414 684 ἡμῖν
429 646 550 686 ἑκάτερος
572 649 623 675 τῶν
639 647 790 675 ἀποστόλων
803 648 845 684 ἐγ-

75 692 218 731 κλημάτων
242 692 288 730 μὲν
304 692 474 727 ἀπήλλακται
488 715 494 728 ,
512 692 611 731 μυρίων
627 692 654 721 δέ
674 693 744 721 ἐστιν
759 694 844 731 ἐγκω-

76 738 143 777 μίων
166 738 250 773 ἄξιος,
271 738 335 778 πρὸς
349 738 395 774 τὴν
409 741 460 767 τῶν
474 739 572 767 λοιπῶν
587 738 720 778 σωτηρίαν
739 739 844 768 ἅπαντα

75 784 119 813 καὶ
132 784 233 814 ἀκούειν
250 784 294 812 καὶ
305 783 389 822 λέγειν
408 784 569 817 σπουδάζων.
595 784 688 822 Ἡμεῖς
707 784 734 813 δὲ
753 785 843 813 λοιπὸν

74 830 118 859 τὸν
133 829 240 859 Παύλου
261 829 305 858 καὶ
325 829 428 868 Πέτρου
450 830 518 859 Θεὸν
544 830 785 869 παρακαλέσωμεν,
799 830 843 859 τὸν

75 875 186 908 ἐκείνους
202 875 326 910 ἀλλήλοις
348 875 513 910 συνδήσαντα
526 880 580 909 τοῖς
593 878 641 911 τῆς
655 877 777 915 ὁμονοίας
802 877 843 905 δε-

74 926 150 960 σμοῖς
159 944 166 956 ,
188 921 233 951 καὶ
247 924 317 960 ἡμᾶς
331 923 368 954 εἰς
381 922 429 957 τὴν
444 922 508 961 πρὸς
523 923 652 958 ἀλλήλους
665 923 770 962 ἀγάπην
785 924 842 952 ἐπι-

73 967 179 1008 σφίγξαι
203 968 388 1008 σφοδρότερον·
410 967 452 997 ἰ’να
471 968 519 1004 τὴν
542 969 610 998 κατὰ
636 969 705 998 Θεὸν
721 970 842 1008 ὁμόνοιαν

73 1014 137 1053 πρὸς
151 1013 280 1048 ἀλλήλους
292 1014 395 1053 ἔχοντες
403 1036 410 1049 ,
423 1015 574 1052 δυνηθῶμεν
583 1015 844 1050 καταξιωθῆναιτοὺς

73 1059 162 1098 ἁγίους
172 1060 284 1092 ἐκείνους
300 1060 378 1094 ἰδεῖν,
399 1059 444 1088 καὶ
458 1060 531 1099 παρὰ
553 1060 600 1093 τὰς
624 1060 742 1093 αἰωνίους
757 1062 842 1089 αὐτῶν

74 1107 210 1145 εὑρεθῆναι
219 1105 316 1140 σκηνὰς
324 1127 331 1139 ,
339 1105 430 1145 χάριτι
442 1106 486 1134 καὶ
497 1106 679 1145 φιλανθρωπία
688 1109 733 1136 τοῦ
744 1107 842 1147 Κυρίου

73 1153 149 1188 ἡμῶν
162 1150 249 1186 Ἰησοῦ
272 1152 387 1190 Χριστοῦ
397 1174 404 1187 ,
431 1152 463 1180 δι’
479 1149 507 1181 οῧ
519 1152 564 1181 καὶ
583 1154 640 1191 μεθ’
657 1148 686 1181 οἶ
702 1154 740 1192 τῷ
755 1153 842 1193 Πατρὶ

73 1196 118 1225 καὶ
145 1198 183 1235 τῷ
203 1196 269 1236 ἁγίῳ
294 1196 433 1235 Πνεῦματι
466 1197 525 1231 δόξα
535 1220 542 1233 ,
563 1198 672 1238 κράτος,
693 1198 772 1237 τιμὴ,
798 1199 843 1228 καὶ

72 1243 263 1282 προσκύνησις,
285 1245 331 1271 νῦν
345 1243 390 1272 καὶ
404 1244 462 1279 ἀεὶ,
483 1243 528 1272 καὶ
542 1245 578 1277 εἰς
592 1244 650 1278 τοὺς
674 1246 769 1278 αἰῶνας
789 1246 841 1274 τῶν

73 1288 182 1318 αἰώνων.
207 1288 299 1327 Ἀμήν.

900 335 969 354 mam
993 325 1054 355 inde
1068 326 1249 366 percipiebant
1269 326 1429 364 doctrinam,
1447 336 1539 359 utnon
1554 342 1612 359 am—

898 371 972 410 plius
981 372 1102 402 Judaicis
1112 373 1209 402 ritibus
1223 373 1399 403 adbaercrcnt.
1414 375 1518 404 Idcirco
1534 377 1612 405 etiam

899 417 997 445 Paulus
1011 424 1036 447 et
1050 425 1112 448 tnnc
1126 418 1282 458 increpavit,
1298 426 1322 448 et
1337 431 1407 449 nunc
1422 421 1496 450 illius
1510 429 1614 462 tempo-

899 463 936 492 ris
947 463 1141 502 objurgationis
1153 465 1314 495 mentionem
1336 466 1413 495 facit:
1429 477 1514 506 neque
1525 469 1614 498 minus

899 509 998 539 idcirco
1012 512 1118 540 Petrum
1131 510 1237 540 laudari
1250 513 1391 550 convenit,
1403 513 1474 552 quod
1491 515 1614 544 omnibus

897 554 946 591 iis,
966 566 1025 593 qua·
1048 555 1118 584 dicta
1140 563 1216 593 sunt,
1230 567 1365 586 assensum
1389 558 1542 597 praebuerit.
1564 559 1614 588 llic

897 601 967 630 enim
981 601 1042 637 suit,
1059 602 1106 640 qui
1130 602 1218 631 omnia
1233 603 1365 642 praestitit,
1381 604 1427 642 qui
1447 605 1564 633 accusari
1588 617 1615 634 se

898 658 991 688 passus
1013 654 1062 683 cst,
1079 655 1103 676 ct
1126 647 1264 677 conticuit.
1281 648 1330 677 Hic
1351 649 1557 688 dispensationis
1576 658 1615 679 cst

897 694 1009 722 fructus.
1025 695 1062 723 Ita
1078 704 1125 722 nos
1148 695 1293 733 'utrumque
1310 695 1491 734 apostolorum
1504 696 1615 724 erimine

897 740 1084 775 liberavimus,
1098 741 1203 779 utrique
1211 752 1275 771 vero
1288 741 1380 770 laudes
1391 740 1522 770 debentur
1536 741 1615 770 innu-

898 796 986 820 merae,
1002 785 1073 823 quod
1087 785 1121 814 ad
1142 786 1257 815 aliorum
1277 787 1388 815 salutem
1410 786 1498 815 omnia
1519 787 1613 817 audire

897 830 1047 860 studuerint
1059 832 1151 867 simul,
1163 843 1192 861 ac
1204 832 1302 862 dicere.
1319 834 1374 862 Nos
1388 840 1476 861 autem
1488 833 1613 874 deinceps

896 877 968 906 Petri
994 884 1021 906 et
1044 878 1121 908 Pauli
1142 879 1230 907 Deum
1250 889 1384 917 rogemus,
1405 886 1434 908 ut
1449 880 1494 918 qui
1512 880 1614 909 mutuis

896 923 958 952 illos
972 924 1120 953 concordia:
1134 924 1250 953 vinculis
1270 924 1338 953 inter
1359 935 1386 954 se
1407 924 1548 962 devinxit,
1565 937 1613 954 nos

896 980 1002 1009 quoque
1016 977 1109 999 mutuo
1133 970 1325 999 vehementiori
1352 971 1460 1000 caritate
1481 973 1611 1000 constrin-

895 1021 939 1054 gat
954 1027 960 1044 ε
973 1027 1027 1054 quo
1041 1016 1147 1045 tandem
1162 1023 1283 1045 mutuam
1305 1016 1373 1046 inter
1394 1027 1442 1046 nos
1464 1017 1612 1047 secundum

895 1062 982 1091 Deum
996 1062 1165 1091 concordiam
1188 1063 1316 1098 foventes,
1336 1069 1488 1092 sanctorum
1501 1063 1612 1092 illorum

895 1115 1037 1148 conspectu
1050 1108 1204 1148 dignemur,
1221 1115 1245 1137 et
1259 1109 1286 1137 in
1298 1109 1402 1137 :eternis
1416 1120 1509 1138 eorum
1523 1110 1611 1149 possi-

897 1165 955 1184 mus
970 1155 1145 1184 tabernaculis
1160 1155 1285 1191 inveniri,
1301 1155 1384 1194 gratia
1406 1163 1431 1184 et
1448 1156 1611 1194 benignitate

895 1201 1004 1229 Domini
1024 1201 1107 1230 nostri
1128 1202 1192 1230 Jesn
1206 1200 1325 1237 Christi,
1340 1211 1387 1240 per
1408 1212 1487 1240 quem
1501 1209 1526 1231 et
1548 1213 1610 1231 cum

893 1257 947 1284 quo
960 1246 1031 1275 Patri
1050 1253 1076 1275 et
1100 1245 1216 1286 Spiritui
1237 1253 1326 1275 sancto
1341 1246 1438 1285 gloria,
1455 1247 1610 1286 imperium,

894 1291 989 1327 honor,
1003 1298 1029 1321 et
1040 1291 1171 1328 adoratio,
1185 1301 1256 1321 nunc
1269 1298 1294 1321 et
1307 1302 1422 1332 semper,
1433 1299 1459 1321 et
1471 1293 1498 1321 in
1513 1293 1609 1322 saecula

892 1337 1062 1366 saeculorum.
1073 1339 1170 1366 Amen.

551 1893 587 1895 *-
594 1882 1126 1900 &omem
