1830 2829
388 184 419 206 {N
447 183 570 206 DICTUM
601 184 711 215 nutu,
739 183 890 206 OPORTET
918 183 958 205 ET
985 182 1136 205 tillut-:stis
1164 183 1258 214 ESSE,
1291 184 1364 206 ΙΕἸἘ.

93 246 136 275 καὶ
173 247 224 275 ἀπὸ
245 248 290 281 τῆς
312 245 446 278 εὐλαῧείας
468 248 514 280 τῆς
542 246 594 274 ἀπὸ
622 249 666 274 τοῦ
688 246 782 281 τόπου,
814 245 858 274 καὶ

92 292 255 331 πανταχόθεν
290 291 336 327 τὴν
379 292 482 329 ἀγάπην
525 293 611 324 αὐτοῖς
641 292 856 330 ἐπισιρίγγεσθαι,

92 338 135 366 καὶ
166 337 264 372 πολλὴν
295 337 341 375 μὲν
369 336 416 372 τὴν
446 337 562 372 ἡδονὴν,
592 338 691 373 πολλὴν
718 338 744 366 δὲ
772 338 859 369 αὐτοῖς

481 382 519 411 ()ὶ’
538 395 565 411 τε
594 383 645 422 γὰρ
672 383 781 417 πένητες
806 395 859 411 πα-

94 428 221 467 ραμυθίας
245 428 374 456 ἀπέλαυον
397 429 425 456 οὐ
441 431 487 463 τῆς
511 428 656 467 τυχούσης,

92 383 206 420 γίνεσθαι
236 383 283 417 τὴν
312 383 449 422 ὠφέλειαν.

679 429 723 456 καὶ
737 431 760 457 οἱ
776 430 859 457 πλου-

93 477 194 505 τοῦντες
217 473 317 508 πολλὴν
338 473 437 501 εὔνοιαν
461 474 504 502 καὶ
525 473 598 513 παρὰ
612 476 663 502 τῶν
686 473 860 514 τρεφομένων,

93 518 137 546 καὶ
151 519 222 558 παρὰ
237 521 281 547 τοῦ
298 521 382 553 Θεοῦ,
398 519 430 546 δι’
446 519 473 547 ὃν
488 523 570 548 ταῦτα
585 519 699 554 ἐποίουν,
716 518 858 558 καρπωσά-

94 575 166 601 μενοι
181 564 279 599 πολλὴν
294 564 341 599 τὴν
356 565 443 604 γάριν,
464 564 544 597 ούτως
561 565 679 603 ἀπηεσαν
694 564 790 593 οἴκαδε.
809 564 861 592 Και

94 609 174 648 μυρία
195 612 223 639 ἐκ
247 613 290 638 τοῦ
305 610 459 649 πράγματος
474 621 565 639 τουτου
582 611 681 647 ἐγίνετο
700 609 734 638 τὰ
756 609 840 648 ἀγαθὰ
854 631 861 644 ,

93 655 137 684 καὶ
164 656 192 685 τὸ
216 656 321 684 πάντων
344 656 494 694 κεφάλαιον,
521 659 537 691 ἡ
562 655 635 694 φιὶία
660 654 802 695 θερμοτέρα
829 658 860 689 ἢν

93 702 150 729 καθ
165 701 278 736 ἑκάστην
299 701 411 737 σύναξιν,
434 701 501 739 μετὰ
523 700 650 735 τοσαύτης
672 700 861 739 φιλοφροσυνης

93 747 216 782 ἀλλήλοις
251 747 440 785 συνηνωμένων
475 748 559 776 αὐτῶν
597 745 798 785 εὐεργετούντων
833 758 860 775 τε

538 793 623 821 Τοῦτο
644 792 727 820 τοίνυν
756 793 786 821 τὸ
807 792 861 825 ἔθος

95 838 241 876 Κορίνθιοι,
254 841 298 866 τοῦ
311 837 404 877 χρόνου
420 838 552 877 προϊόντος
562 858 569 870 ,
581 836 732 877 διέφθειρον,
747 838 792 866 καὶ
803 839 861 866 καθ’

94 793 178 821 αὐτῶν
208 793 251 821 καὶ
282 792 509 832 εὐεργετουμένων.

93 883 199 916 ἑαυτους
231 883 385 921 ἑστιώμενοι
412 886 435 912 οἱ
462 882 636 941 εὐπορώτεροι
663 895 722 915 τους
748 896 862 919 πενττας

94 929 246 985 παρεώρων,
265 929 307 957 καὶ
324 941 369 958 ουκ
384 929 462 966 ἀιέμε
465 941 506 958 νον
528 928 707 967 ὑστερίζοντας
721 930 862 965 πολλάκις,

93 974 138 1003 καὶ
151 975 201 1003 ὑπὸ
214 977 343 1013 βιωτικυν
358 985 464 1014 γρειων,
485 977 525 1003 οἱα
545 974 577 1003 τὰ
597 986 648 1001 των
665 975 793 1011 πενήτων,
817 987 863 1004 κα-

94 1031 248 1058 τεχομενους
260 1020 303 1048 καὶ
318 1019 500 1059 βραδυνοντας.
514 1019 592 1048 Ἐκ
579 1019 605 1048 οὲ
620 1019 711 1049 τούτου
728 1032 787 1050 συνε
777 1021 862 1050 ε’ῧαινε

94 1065 318 1104 παραγενομένους
344 1065 437 1098 αὐτοὺς
452 1065 559 1104 ὕστερον
576 1065 642 1103 μετὰ
659 1066 783 1104 αἰσχύνης
799 1069 861 1095 ἀνα-

95 1115 201 1149 χωρεῖν,
219 1113 266 1145 τῆς
279 1111 410 1150 τραπέζης
427 1110 606 1149 ἀναιρεθείσης
616 1132 623 1144 ,
645 1111 792 1149 φθανόντων
806 1112 863 1141 τού-

96 1168 156 1189 των,
172 1156 297 1185 κάκείνων
312 1156 507 1195 ὑστεριζόντιιιν.
527 1155 613 1195 ‘Off-iv
629 1156 713 1184 τοίνυν
732 1159 746 1185 ὅ
761 1158 864 1190 Παῦλος

95 1204 125 1230 ἐκ
137 1206 181 1230 τοῦ
194 1202 348 1240 πράγματος
363 1202 451 1230 τούτου
466 1202 551 1230 πολλὰ
563 1202 642 1237 κακὰ,
656 1202 687 1230 τὰ
704 1202 750 1240 μὲν
762 1203 864 1241 γινόμε-
875 1224 910 1243 2‘15

883 1252 900 1273 Α
921 1248 977 1269 tuin
989 1252 1047 1279 quse
1059 1242 1115 1279 jam
1130 1242 1292 1281 acciderant,
1310 1251 1367 1273 tum
1384 1256 1442 1282 quae
1456 1246 1545 1274 sutura
1563 1253 1637 1274 crant

97 1259 144 1281 να,
163 1248 195 1276 τὰ
214 1248 240 1276 δὲ
255 1248 383 1285 μέλλοντα
399 1247 460 1283 (καὶ
476 1248 527 1287 γὰρ
541 1248 733 1286 καταφρόνησις
747 1249 798 1276 τῶν
813 1260 861 1277 πε-

97 1293 179 1328 νήτων
201 1297 254 1326 τοῖς
276 1293 433 1325 πλουσίοις
422 1293 520 1331 εγίνετο
544 1305 588 1322 και
607 1293 736 1333 ort-spelaion
752 1295 863 1351 x=x·1·t)=5t'‹nt‚

96 1339 140 1366 καὶ
160 1343 212 1371 τοῖς
233 1338 340 1373 πένησιν
371 1339 468 1376 ἀθυμία
490 1339 535 1367 καὶ
557 1339 685 1378 ἀπέχθεια
714 1351 777 1378 προς
805 1352 863 1373 τους

96 1385 268 1416 πλουτοῦντας
281 1407 287 1419 ,
311 1396 355 1412 και
376 1384 426 1413 σ’σα
451 1384 519 1412 ἄλλα
541 1385 607 1416 είκος
632 1397 663 1419 ην
689 1385 741 1413 ἀπὸ
766 1385 863 1414 τούτων

94 1433 218 1468 τεχθῆναι
231 1433 281 1459 τῶν
294 1442 382 1458 κακων
391 1433 409 1465 ),
423 1431 566 1468 διορθουται
578 1429 624 1465 τὴν
637 1430 751 1469 πονηρὰν
764 1431 861 1466 ταύτην

578 1477 633 1504 μεθ
654 1475 715 1511 ὅσης
738 1488 796 1505 συνε
800 1488 863 1509 σεως

93 1533 139 1549 και
153 1521 293 1553 ἐπιεικείας
304 1523 339 1554 εἷς
351 1521 398 1555 τὴν
410 1521 568 1560 διόρθωσινΕ
559 1521 692 1551 ενέὸαλεν.
706 1521 863 1562 Ἀρχόμενος

94 1566 145 1605 γὰρ
160 1567 226 1595 οὕτω
245 1566 325 1606 φησί·
337 1568 422 1595 Τοῦτο
435 1568 462 1596 δὲ
476 1567 665 1606 παραγγέλλων
682 1570 728 1596 οὐκ
747 1569 845 1597 ἐπαινῶ
856 1591 863 1603 ,

94 1612 133 1641 ὅτι
146 1614 192 1641 οὐκ
206 1614 241 1645 εἰς
256 1613 285 1641 τὸ
298 1617 426 1652 κρεῖττον,
444 1613 501 1641 ἀλλ’
514 1613 549 1645 εἰς
564 1613 592 1641 τὸ
604 1609 681 1648 ἧττον
695 1613 860 1654 συνέρχεσθε.

95 1475 139 1503 καὶ
160 1476 255 1514 πικρὰν
274 1476 422 1510 συνήθειαν.
440 1475 524 1504 Καὶ
509 1488 596 1515 οραμ

95 1657 131 1685 Τί
145 1657 173 1686 δέ
185 1659 264 1693 ἐστιν,
277 1659 334 1686 Οὐκ
349 1659 383 1690 εἷς
394 1659 423 1687 τὸ
437 1662 553 1696 κρεῖττον
564 1670 570 1693 ;
582 1659 617 1687 Οἱ
629 1658 759 1697 πρόγονοι,
773 1661 861 1698 φησὶν,

95 1703 118 1731 οἱ
139 1702 262 1741 ὑμέτεροι
282 1703 327 1732 καὶ
346 1704 369 1731 οἱ
390 1703 499 1742 πατέρες
517 1715 561 1732 και
583 1703 630 1736 τὰς
653 1705 753 1732 ἑαυτῶν
776 1705 862 1738 οὐσίας

94 1748 210 1777 επώλουν
222 1748 265 1777 καὶ
277 1748 310 1776 τὰ
321 1748 445 1786 κτήματα
457 1760 500 1777 και
519 1748 565 1782 τὰς
580 1749 717 1788 ὑπάρξεις,
730 1750 774 1779 καὶ
789 1751 863 1779 κοινὰ

94 1793 180 1822 πάντα
192 1797 273 1832 εἰχον,
287 1794 331 1823 καὶ
343 1794 443 1829 πολλὴν
458 1795 522 1834 πρὸς
538 1795 667 1829 ἀλληλους
681 1795 728 1831 τὴν
747 1797 861 1835 ἀγάπη-ν

96 1841 169 1877 ὑμεῖς
183 1839 210 1868 δὲ
228 1839 373 1878 ὀφείλοντες
393 1839 504 1872 ἐκείνους
526 1841 628 1875 ζηλοῦν,
650 1843 678 1869 οὐ
696 1841 773 1879 μόνον
790 1842 862 1871 οὐδὲν

95 1885 234 1920 ἐποιήσατε
248 1888 372 1921 τοιοῦτον,
393 1885 461 1913 ἀλλὰ
475 1886 519 1914 καὶ
535 1885 599 1926 ὅπερ
614 1886 698 1925 εἴχετε
714 1887 799 1924 μόνον,
818 1889 862 1916 καὶ

95 1933 170 1959 τοῦτο
182 1930 335 1959 ἀπωλέσατε
345 1953 352 1966 ,
364 1930 397 1959 τὰ
408 1931 541 1968 συμπόσια
556 1931 589 1960 τὰ
603 1932 670 1959 κατὰ
682 1932 783 1965 σύναξιν
796 1933 863 1970 γινό-

95 1987 161 2013 μενα
170 1988 176 1994 ·
188 1976 231 2005 διὰ
242 1976 317 2004 τοῦτό
328 1988 418 2015 φησιν,
429 1975 494 2004 εὈτι
508 1978 555 2005 οὐκ
567 1978 603 2009 εἷς
619 1977 649 2006 τὸ
663 1981 789 2016 κρεῖττον,
803 1980 859 2006 ἀλλ’

95 2022 130 2054 εἷς
149 2022 178 2050 τὸ
197 2018 276 2055 ἧττον
298 2021 462 2060 συνέρχεσθε.
485 2021 537 2050 Καὶ
559 2024 653 2050 ἐκεῖνοι
675 2023 722 2060 μὲν
743 2023 787 2051 καὶ
809 2026 860 2052 τῶν

93 2066 234 2103 κτημάτων
252 2066 374 2094 ἁπάντων
386 2070 438 2098 τοῖς
452 2066 546 2100 πένησι
560 2067 754 2106 παρεχώρησαν
767 2080 772 2085 ·
788 2070 862 2106 ὑμεῖς

93 2111 120 2141 δὲ
134 2111 265 2150 τραπέζης
279 2112 366 2143 αὐτοῖς
379 2111 569 2148 μεταδιδόντες,
581 2112 625 2140 καὶ
640 2112 736 2147 ταύτης
752 2115 862 2142 ἀπεστε-

96 2156 201 2196 ρήσατε
215 2157 342 2195 Πρῶτον
338 2156 383 2185 μὲν
395 2156 454 2195 γὰρ,
471 2168 667 2213 συνερχομενων
681 2159 753 2195 {agunt
771 2159 797 2186 ἐν
815 2161 861 2188 ἐκ·

93 2259 119 2276 τι
131 2259 175 2276 και
190 2259 314 2276 πιστευω.

131 2291 204 2332 (Όρα
221 2294 276 2324 πῶς
289 2292 369 2320 πάλιν
390 2294 502 2324 συνετῶς
523 2298 636 2322 ποιεῖται
655 2292 702 2327 τὴν
717 2293 863 2332 διόρθωσιν.

93 2339 151 2367 Οὐκ
170 2333 249 2373 εἶπεν,
264 2337 322 2366 οὔτε
342 2339 462 2371 ἀπιστῶ,
476 2337 533 2366 οὔτε
547 2338 660 2366 πιστεύω
673 2350 679 2355 ·
696 2339 763 2367 ἀλλὰ
785 2339 863 2377 μέσον

93 2386 177 2422 ἀφῆκε
198 2383 227 2411 τὸ
249 2385 334 2421 ῥῆμα,
356 2382 396 2411 ὅτι
412 2383 499 2422 Μέρος
513 2396 539 2412 τι
554 2384 598 2413 καὶ
619 2384 745 2413 πιστεύω·
768 2387 796 2414 οὐ
820 2398 865 2414 πι-

94 2429 175 2458 στεύω
196 2429 293 2464 τέλεον,
314 2429 372 2457 ἀλλ’
395 2429 453 2457 οὐδὲ
478 2431 580 2459 ἀπιστῶ
604 2430 691 2458 τέλεον
704 2442 709 2447 ·
731 2433 776 2458 τοῦ
798 2432 824 2460 δὲ
848 2432 864 2466 ἢ

95 2477 181 2510 τοῦτο,
196 2473 213 2509 ἢ
228 2475 310 2503 ἐκεῖνο
325 2474 458 2512 συμὸῆναι
472 2476 607 2507 παντελῶς
622 2477 695 2512 ὑμεῖς
711 2476 804 2514 κύριοι.
819 2476 865 2506 Ἂν

101 2519 148 2556 μὲν
164 2519 215 2558 γὰρ
235 2519 428 2559 διορθώσησθε,
445 2521 474 2548 οὐ
494 2521 610 2550 πιστεύω
623 2533 628 2538 ·
645 2521 675 2549 ἂν
697 2522 724 2550 δὲ
749 2522 791 2551 ἐπὶ
813 2524 864 2552 τῶν

100 2566 184 2593 αὐτῶν
200 2564 304 2602 μείνητε
314 2587 322 2602 ,
337 2565 459 2594 πιστεύω.
477 2566 546 2594 Οὔτε
559 2561 601 2595 οῧν
617 2566 782 2605 κατηγόρησε
797 2590 804 2606 ,
820 2568 864 2597 καὶ

1609 176 1627 185 ,-

1563 189 1605 222 29
1615 191 1628 209 ,)

916 254 1004 272 mensa
1030 243 1198 278 fruebantur,
1226 245 1414 273 conununibus
1441 246 1527 284 epulis
1552 253 1630 285 atque

916 289 1046 318 conviviis
1062 289 1088 317 in
1109 289 1164 328 ipsa
1178 289 1286 318 ecclesia
1306 302 1312 326 3
1332 290 1367 318 ita
1383 298 1411 318 ut
1428 297 1453 318 et
1469 301 1483 318 a
1499 293 1630 320 consortio

917 345 1024 370 mcnsae,
1040 341 1065 363 et
1081 346 1095 362 a
1110 335 1161 363 loci
1180 335 1335 371 reverentia,
1349 335 1524 374 undequaque
1536 338 1631 365 caritas

917 380 1152 417 constringeretur,
1172 391 1232 409 eum
1248 381 1332 409 multa
1344 382 1482 420 voluptate
1493 382 1571 410 simul
1587 389 1630 410 at-

916 436 968 463 que
992 425 1115 454 utilitate.
1132 426 1263 464 Pauperes
1288 426 1358 454 enim
1381 427 1558 456 consolatione
1580 438 1630 456 non

918 481 1015 509 parva,
1042 470 1141 499 divites
1167 482 1231 499 vero
1259 471 1441 500 benevolentia
1467 472 1631 505 smwbamur,

917 522 1078 544 mineorum
1094 527 1160 553 quos
1171 517 1322 555 pascebant.
1337 524 1393 545 tum
1407 518 1465 553 Dei,
1479 518 1555 557 cujus
1570 529 1631 546 eau-

917 572 944 589 sa
971 561 1021 589 boc
1032 562 1178 590 faciebant:
1191 562 1281 600 sicque
1291 573 1414 600 magnam
1427 564 1560 601 assequuti
1573 575 1633 602 gra-

918 606 994 643 tiam,
1008 606 1118 635 domum
1130 606 1294 635 secedebant.
1310 608 1452 636 lnnumera
1469 609 1531 636 hinc
1542 619 1633 647 seque—

918 651 1015 680 bantur
1028 653 1098 680 bona
1115 664 1121 679 :
1137 652 1261 691 quodque
1275 660 1355 692 eaput
1372 654 1504 683 bonorum
1519 661 1574 691 cst,
1588 665 1634 693 pcr

918 697 1035 735 singulas
1049 708 1164 736 synaxes
1177 709 1252 726 ainor
1263 699 1494 738 magismagisque
1505 699 1634 728 accende-

916 742 1005 778 batur,
1023 750 1116 771 cumet
1132 743 1149 772 ii
1167 744 1212 781 qui
1230 745 1357 773 beneficia
1379 746 1557 783 conserebant,
1575 753 1600 775 et
1616 747 1634 775 ii

916 788 964 825 qui
977 788 1152 827 accipiebant,
1169 796 1240 818 tanta
1261 801 1321 818 cum
1339 790 1524 820 benevolentia
1539 799 1633 820 contu-

915 833 1038 861 bernales
1052 841 1147 862 essent.
1159 835 1235 863 llune
1247 846 1347 863 morem
1361 836 1494 864 Corinthii
1509 847 1634 876 processu

916 879 1042 918 temporis
1064 879 1254 908 labefactarunt
1267 904 1273 917 ,
1284 892 1344 909 cum
1364 883 1544 921 opulentiores
1559 894 1635 911 seor-

915 924 965 952 sim
988 924 1079 952 cibum
1104 933 1253 962 sumentes,
1273 937 1368 963 egenos
1387 927 1569 966 despicerent,
1588 938 1635 957 nec

915 976 1097 1008 exspectarent
1111 969 1212 998 tardius
1224 971 1387 1007 accedentes,
1400 980 1423 1001 et
1435 973 1635 1002 necessitatibus

916 1015 978 1043 vitm
994 1015 1124 1050 detentos,
1142 1023 1171 1044 ut
1191 1028 1319 1056 pauperes
1339 1019 1434 1053 solent,
1453 1025 1532 1056 atque
1548 1030 1635 1047 moras

918 1060 1059 1089 trabentes.
1080 1061 1160 1089 Unde
1178 1062 1347 1101 contingebat
1361 1074 1413 1099 eos,
1428 1064 1536 1092 demum
1551 1064 1637 1093 adve-

919 1106 1028 1141 nientes,
1044 1117 1105 1134 cum
1120 1106 1222 1145 pudore
1234 1108 1290 1146 jam
1303 1109 1409 1137 sublata
1424 1120 1514 1138 mensa
1527 1109 1635 1138 recede-

919 1161 957 1185 re,
972 1150 1025 1179 illis
1046 1154 1305 1191 pramecupantibus,
1320 1153 1362 1182 his
1377 1165 1440 1183 vero
1455 1155 1634 1184 tardantibus.

920 1195 1024 1224 Yidens
1040 1196 1129 1234 itaque
1142 1197 1242 1225 Paulus
1254 1198 1315 1226 inde
1328 1199 1412 1228 multa
1425 1200 1542 1228 suboriri
1557 1200 1636 1237 mala,

920 1289 998 1322 (nam
1012 1298 1027 1314 a
1041 1286 1174 1316 divitibus
1196 1299 1324 1328 pauperes
1343 1292 1591 1329 contemnebantur,
1607 1303 1637 1320 ae

919 1332 1033 1370 superbe
1045 1333 1242 1369 tractabantur,
1255 1334 1367 1372 hincque
1389 1336 1552 1374 pauperibus
1569 1346 1638 1364 moe-

919 1387 964 1404 ror
983 1376 1128 1415 odiumque
1152 1378 1178 1406 in
1200 1379 1308 1414 divites,
1333 1381 1438 1418 aliaque
1461 1381 1638 1410 succedebant

920 1421 988 1450 mala
1002 1432 1036 1450 ex
1048 1422 1205 1461 hujusmodi
1220 1424 1298 1452 rebus
1309 1425 1373 1453 oriri
1384 1426 1562 1462 solita),banc
1576 1437 1638 1465 pra-

919 1477 981 1495 vam
989 1467 1165 1506 acerbamque
1174 1469 1393 1498 consuetudinem
1403 1471 1523 1510 corrigit.
1533 1472 1567 1500 Et
1575 1471 1639 1500 vide

920 1522 980 1540 cum
997 1520 1093 1550 quanta
1108 1513 1250 1552 prudentia
1263 1521 1287 1543 et
1303 1515 1483 1545 moderatione
1498 1517 1638 1546 correctio-

920 1568 979 1586 nem
998 1558 1186 1597 aggrediatur.
1204 1560 1338 1599 Incipiens
1357 1561 1427 1589 enim
1452 1562 1489 1590 sic
1505 1563 1558 1591 ait:
1573 1564 1639 1592 Hoc

920 1610 1017 1631 autem
1031 1605 1202 1642 praecipiens
1217 1627 1223 1640 ,
1238 1616 1296 1633 non
1314 1606 1421 1641 laudo,
1437 1609 1516 1647 quod
1530 1619 1588 1637 non
1608 1611 1640 1637 in

920 1650 1034 1687 melius,
1049 1650 1100 1678 sed
1114 1652 1145 1677 in
1168 1651 1293 1679 deterius
1309 1655 1480 1681 convenitis.
1497 1654 1569 1688 Quid
1586 1654 1639 1683 sibi

920 1695 978 1724 vult
992 1695 1070 1732 illud,
1084 1697 1152 1724 ‚Non
1167 1698 1197 1723 in
1209 1697 1331 1725 melius?
1345 1699 1477 1737 Major-es,
1494 1699 1597 1738 inquit,
1614 1707 1639 1729 et

918 1747 1007 1779 patres
1022 1741 1102 1769 vestri
1116 1741 1277 1770 substantias
1288 1753 1349 1771 suas
1363 1743 1513 1772 vendebant
1529 1752 1553 1773 et
1567 1756 1637 1784 prae-

918 1785 964 1814 dia
978 1793 1003 1815 et
1013 1786 1200 1826 possessiones,
1214 1794 1294 1825 atque
1309 1789 1397 1817 omnia
1412 1789 1547 1819 habebant
1569 1801 1639 1820 com-

919 1832 1011 1860 munia
1023 1855 1031 1869 ,
1047 1832 1214 1871 multamque
1227 1840 1321 1862 mutuo
1340 1835 1477 1864 caritatem
1492 1848 1500 1864 .-
1520 1847 1567 1866 vos
1586 1848 1638 1865 au—

920 1884 984 1915 tem,
995 1889 1062 1916 quos
1078 1889 1126 1917 par
1140 1885 1206 1906 esset
1218 1879 1280 1908 illos
1293 1879 1403 1917 imitari,
1417 1891 1468 1909 non
1480 1882 1560 1910 modo
1570 1883 1640 1910 nihil

920 1923 1006 1952 simile
1020 1923 1126 1958 fecistis,
1141 1923 1186 1951 sed
1202 1924 1284 1952 etiam
1302 1924 1329 1952 id
1342 1947 1350 1961 ,
1366 1925 1438 1962 quod
1450 1926 1537 1954 solum
1552 1926 1638 1955 habe-

920 1967 989 1994 batis
1004 1966 1145 2003 amisisti53
1161 1977 1255 2005 nempe
1268 1968 1392 1996 convivia
1403 1968 1431 1996 in
1445 1969 1564 1998 collectis
1578 1970 1637 1999 fieri

920 2011 1009 2040 solita.
1025 2010 1141 2048 Ideoque
1155 2011 1207 2038 ait:
1224 2012 1291 2039 Non
1303 2014 1334 2039 in
1349 2013 1463 2049 melius,
1477 2015 1529 2042 sed
1542 2017 1572 2042 in
1586 2016 1639 2044 de-

920 2058 1008 2084 terius
1030 2058 1199 2084 convenitis.
1218 2056 1251 2085 Et
1275 2057 1316 2085 illi
1330 2058 1440 2096 quidem
1463 2061 1638 2098 possessiones

919 2112 1009 2130 omnes
1022 2102 1049 2130 in
1063 2112 1140 2130 usum
1158 2113 1306 2141 pauperum
1320 2104 1499 2134 concedebant
1512 2119 1518 2134 ε
1534 2117 1580 2136 vos
1592 2118 1639 2136 re-

919 2158 949 2176 ro
963 2158 1053 2176 mensa
1065 2147 1145 2175 etiam
1161 2147 1215 2176 illis
1229 2159 1350 2178 concessa
1365 2150 1488 2190 privatis.
1503 2154 1637 2182 Primum

919 2195 996 2221 enim
1011 2195 1250 2222 convenientibus
1265 2196 1349 2224 vohis
1360 2197 1392 2223 in
1405 2198 1570 2237 ecclesiam,
1584 2211 1634 2228 αιι-

919 2239 966 2266 dio
979 2240 1120 2267 scissuras
1128 2249 1188 2267 esse
1201 2241 1277 2268 inter
1286 2250 1350 2277 vos,
1362 2248 1389 2270 et
1397 2252 1433 2270 ex
1444 2250 1529 2282 parte
1539 2246 1635 2275 credo.

957 2294 987 2332 4.
1009 2294 1080 2324 Vide
1100 2295 1234 2333 quomodo
1256 2307 1363 2326 rursum
1381 2298 1527 2337 prudenter
1546 2311 1637 2330 eorre-

918 2340 1032 2369 ctionem
1053 2340 1188 2369 adhibeat.
1208 2342 1268 2370 Non
1283 2342 1364 2378 dixit,
1383 2344 1468 2373 Credo
1478 2367 1486 2382 ,
1502 2346 1562 2384 vel,
1576 2348 1636 2375 Non

920 2385 997 2414 credo
1005 2408 1013 2423 ,
1028 2386 1074 2414 sed
1104 2386 1193 2414 medio
1220 2387 1303 2416 verbo
1328 2398 1392 2416 usus
1416 2396 1454 2417 est
1464 2412 1473 2427 ‚
1486 2391 1534 2418 Ex
1553 2399 1638 2429 parte

920 2433 1005 2460 credo
1014 2443 1023 2469 3
1033 2442 1086 2460 non
1111 2432 1220 2460 omnino
1240 2432 1334 2469 credo,
1353 2444 1400 2462 nee
1425 2435 1533 2464 omnino
1556 2437 1637 2465 fidem

921 2487 1001 2516 nego;
1011 2484 1040 2506 ut
1052 2488 1115 2507 vero
1126 2478 1177 2506 hoc
1189 2478 1232 2506 vel
1243 2478 1325 2516 illud,
1339 2479 1366 2507 in
1376 2487 1464 2508 vestra
1474 2482 1579 2520 penitus
1590 2493 1636 2520 po-

919 2530 1012 2552 testate
1023 2530 1072 2552 est.
1086 2523 1352 2562 5i1·esipiscatis‚n0n
1366 2525 1446 2554 eredo
1458 2538 1464 2553 :
1479 2526 1520 2554 sin
1532 2527 1567 2554 ita
1577 2538 1637 2566 per-

921 2569 1055 2608 severetiS,
1072 2568 1161 2598 eredo.
1176 2569 1268 2608 Itaque
1280 2579 1332 2599 non
1347 2571 1500 2608 accusavit,
1515 2578 1540 2600 et
1553 2582 1635 2601 aceu-

1653 1557 1787 1582 t.Cor.¹t.

1653 1598 1687 1619 17.

1652 2171 1669 2185 ι.
1682 2163 1736 2185 Cor.
1752 2169 1788 2185 11.

1651 2194 1685 2217 ι8.
