1832 2815
40 204 178 233 Ιοαηβλιά.

42 438 107 460 Rom.
118 438 179 468 1002.

41 613 108 632 Joan.
129 610 163 632 16.

45 649 80 664 12.
95 641 128 663 13.

147 844 182 863 797

80 2108 141 2128 Usta
152 2108 187 2128 die

46 2140 146 2166 nequ-*uti
158 2139 189 2158 se-

46 2175 103 2189 stum
114 2170 188 2190 l’ente-

46 2205 124 2220 costes,

190 135 261 183 964
896 148 1024 170 sporus.

191 219 302 248 persona
314 209 349 236 ita
364 208 529 246 loquitur-,ut
542 209 653 249 implam
674 209 749 238 illam
773 209 952 248 suspicionem
970 209 1061 247 abigat
1077 220 1083 235 z
1099 210 1154 237 Vos
1161 215 1268 245 autem,
1278 219 1466 249 quaecumque
1477 211 1599 239 audistis
1611 219 1723 250 aptare

191 262 289 283 vestro
301 255 428 282 diabolo.
444 256 513 283 Nam
523 266 581 293 quae
594 255 676 294 patris
687 262 757 291 sunt,
773 265 828 283 sors
839 261 863 283 et
884 254 1017 282 hereditas
1030 260 1091 282 sunt
1112 253 1231 281 filiorum
1245 265 1250 280 :
1264 254 1379 292 ideoque
1389 265 1417 283 ea
1427 266 1485 292 quae
1500 255 1534 284 ad
1547 256 1624 284 illum
1639 258 1723 295 perti-

191 308 253 329 nent
265 300 409 328 heredibus
423 301 479 339 ejus
493 301 590 329 cedunt
604 313 609 328 ε
623 302 658 328 ita
674 308 703 328 ut
721 301 839 339 idipsum
859 311 923 334 esse,
941 307 970 327 nt
987 300 1013 327 in
1035 299 1154 338 idipsum
1169 299 1284 327 recidere
1294 299 1517 338 deprehendatur,
1530 313 1563 330 ex
1575 303 1724 342 semetipsis

192 346 275 384 loqui,
292 353 317 374 et
338 357 372 373 ex
387 353 460 385 patre
475 357 522 374 suo
537 346 645 374 diabolo
669 346 752 382 loqui.
768 345 1003 379 Quemadmodum
1028 345 1150 373 Christus
1163 344 1307 373 adveniens
1320 345 1403 374 factus
1418 353 1456 374 est
1473 347 1609 385 plenitudo
1624 348 1690 385 legis
1699 355 1724 377 et

191 392 383 431 prophetarum
398 403 403 418 :
421 392 457 419 ita
478 399 503 419 et
524 391 640 430 Spiritus
669 391 807 429 plenitudo
833 391 972 428 evangelii.
997 390 1120 418 Christus
1136 390 1280 418 adveniens
1296 401 1325 418 ea
1339 401 1397 428 quae
1417 401 1432 419 a
1447 393 1525 420 Patre
1538 393 1564 421 in
1582 393 1638 430 lege
1654 400 1681 421 et
1696 394 1723 421 in

191 437 328 477 prophetis
341 437 412 465 dicta
427 437 540 470 fuerant,
552 437 732 465 confirmavit.
746 436 807 464 Ideo
817 436 882 464 dicit
892 436 1001 471 Paulus,
1017 437 1176 464 Plenitudo
1187 436 1257 475 legis
1272 437 1413 465 Christus.
1426 437 1543 476 Spiritus
1554 445 1659 466 sanctus
1674 438 1724 467 ad-

191 483 299 512 veniens
325 482 446 521 implevit
465 492 493 509 ea
511 492 570 519 quae
595 481 726 519 evangelii
741 488 823 510 erant.
841 483 1026 519 Quaecumque
1048 482 1073 509 in
1094 481 1215 509 doctrina
1238 481 1339 509 Christi
1354 489 1427 518 sunt,
1440 493 1469 510 ea
1485 483 1602 522 Spiritus
1616 484 1724 523 implet;

190 539 364 567 (punctimque
378 539 440 556 vero
454 527 480 555 in
497 527 618 556 doctrina
635 528 701 565 legis
717 534 789 563 sunt,
815 528 938 556 Christus
952 528 1061 566 implet;
1075 538 1127 555 non
1153 527 1227 565 quasi
1247 527 1416 566 imperfectus
1428 528 1462 556 sit
1486 529 1576 565 Pater,
1590 529 1635 557 sed
1650 531 1725 568 quasi

191 574 246 613 ipse
261 574 346 602 Patris
362 573 490 611 interpres
499 580 748 611 consummator-apte
757 573 798 601 sit.
814 572 918 601 Eodem
932 584 1037 611 quoque
1048 572 1126 601 modo
1141 572 1261 611 Spiritus
1274 572 1390 611 explicat
1400 579 1425 600 et
1437 573 1507 601 clara
1523 574 1611 602 reddit
1622 585 1651 602 ea
1666 586 1724 612 quae

193 620 254 649 Filii
273 627 342 648 sunt.
356 619 462 646 Etenim
483 619 570 656 inquit
585 619 648 646 ille:
664 619 763 647 flIulm
785 620 877 647 habeo
888 621 971 647 voltis
988 619 1093 653 (licere,
1117 619 1168 646 sezl
1189 628 1247 645 non
1269 620 1388 656 potestis
1407 625 1524 656 portare
1536 621 1629 647 modo.
1653 621 1725 648 Cum

193 673 290 694 autem
310 667 417 693 venerit
433 665 556 702 Spiritus
569 672 698 699 sanctus,
713 666 833 693 deducet
846 675 899 693 vos
923 667 956 692 in
969 675 1083 692 omnem
1098 666 1251 692 veritatem
1261 676 1271 696 ,·
1285 674 1315 691 ac
1328 663 1435 699 deinde,
1452 665 1527 702 Quia
1541 675 1560 692 a
1575 667 1725 703 semetipso

192 723 250 740 non
262 712 398 749 loquitur.
410 711 468 738 Non
484 711 554 738 enim
578 710 735 738 contradicit
748 711 828 747 Filio,
848 711 895 738 sed
912 711 1005 749 implet
1020 722 1049 739 ea
1073 720 1132 747 quae
1148 709 1210 737 Filii
1223 716 1294 743 sunt,
1312 716 1341 737 ut
1357 709 1443 737 Filius
1460 720 1488 738 ea
1505 720 1562 747 quae
1580 710 1676 738 Patris.
1694 711 1725 738 In

190 758 240 785 hac
254 756 370 784 oratione
394 755 462 783 circa
478 755 558 783 finem
580 755 698 783 invenies
712 767 726 783 a
742 756 934 794 Chrysostomo
960 755 1079 794 probari,
1106 754 1260 782 missionem
1275 765 1359 792 neque
1374 754 1474 782 Filium
1490 766 1575 793 neque
1592 755 1726 794 Spiritum

192 801 269 828 Patre
283 801 398 828 minores
412 801 572 828 facerelmo
585 800 650 839 ipsis
661 800 750 829 verbis
771 799 836 828 dicit
849 801 936 839 ipsum
953 802 1059 829 Patrem
1085 800 1154 828 mitti
1169 811 1184 828 a
1199 799 1302 838 Spiritu
1316 807 1340 828 et
1352 811 1366 827 a
1379 800 1464 835 Fili03
1478 801 1534 839 ejus
1544 801 1625 829 verba
1642 808 1703 829 sunt
1718 812 1722 827 :

192 847 222 875 Si
237 848 288 874 tibi
306 847 456 874 ostendero
471 847 724 885 ipsumsactorem
737 847 805 873 omli
822 852 847 874 el
863 852 945 874 terra>
956 848 1075 874 missum
1101 856 1161 874 esse
1187 856 1205 873 a
1217 846 1324 884 Spiritu
1350 853 1377 874 ec
1398 857 1416 874 α
1428 847 1517 880 Filio,
1528 847 1599 885 quid
1610 847 1704 884 facies
1715 850 1727 873 P

192 892 256 920 :lut
273 903 344 930 nega
356 893 514 925 Christum,
532 898 582 920 aut
601 892 665 919 dele
675 892 847 930 Scripturas,
860 898 911 920 aut
923 892 1077 930 Scripturis
1092 892 1234 924 subditus,
1260 893 1330 929 ipsis
1352 893 1526 929 obtempera.
1543 893 1580 919 Et
1595 893 1725 927 ubinam,

192 940 315 977 inquies,
331 939 384 966 Ιιοε
394 939 504 966 dicticm
519 945 558 966 est
568 941 580 965 Ρ
592 938 675 965 Audi
686 939 780 965 Deum
792 949 844 976 per
853 938 1027 975 proplietam
1036 938 1178 964 llesaiam
1192 936 1333 963 dicentem
1347 947 1355 962 :
1367 937 1450 964 Audi
1461 947 1515 969 me,
1524 937 1627 970 Israel,
1643 947 1727 975 quem

193 994 243 1022 ego
254 994 346 1016 voco;
363 994 394 1011 ac
410 990 462 1011 tota
476 983 557 1021 hujus
572 983 622 1011 loci
635 982 744 1022 periodo
761 983 892 1022 exposita,
909 992 993 1019 usque
1015 981 1049 1009 ad
1069 980 1147 1017 illud,
1164 982 1203 1008 Et
1217 991 1294 1009 nunc
1306 982 1450 1009 Dominus
1459 983 1535 1009 misit
1546 992 1590 1008 me
1601 988 1626 1009 et
1637 982 1723 1019 Spiri-

192 1037 238 1058 tus
251 1031 321 1068 ejus,
346 1029 463 1057 affirmat
484 1031 588 1057 Patrem
603 1029 659 1057 hzec
673 1029 772 1065 dicere,
799 1035 877 1066 atque
891 1038 924 1056 ex
942 1026 1153 1066 praecedentibus
1178 1036 1327 1054 sermonem
1341 1025 1491 1064 confirmat,
1508 1032 1533 1053 et
1548 1025 1636 1064 palam
1664 1025 1727 1053 facit

190 1076 297 1104 Patrem
312 1086 366 1103 esse
381 1075 426 1112 qui
437 1075 493 1102 hzcc
509 1075 639 1112 loquitur,
650 1074 733 1112 etqui
750 1074 866 1102 mittitur
876 1084 891 1101 a
907 1073 1011 1111 Spiritu
1026 1079 1050 1100 et
1064 1082 1078 1099 a
1089 1072 1168 1100 Filio.
1184 1083 1197 1097 »

230 1121 261 1148 ln
274 1121 315 1148 his
330 1121 410 1148 dictis
424 1121 548 1159 qumdam
563 1121 745 1157 observamus,
760 1127 785 1147 et
800 1120 887 1158 primo
898 1118 1006 1156 quidem
1021 1117 1089 1145 hanc
1098 1116 1240 1144 homiliam
1255 1116 1336 1144 fuisse
1352 1116 1467 1154 primam
1485 1116 1554 1144 inter
1566 1126 1608 1144 eas
1625 1126 1683 1153 quae
1695 1115 1728 1144 de

191 1167 295 1205 Spiritu
315 1174 405 1195 saneto
418 1166 485 1194 inter
498 1166 683 1205 Chrysostomi
697 1177 775 1205 opera
788 1165 878 1193 Photii
903 1172 1020 1203 tempore
1034 1162 1305 1197 cireu1nferebantur;
1317 1161 1363 1189 sed
1374 1172 1406 1189 ex
1421 1161 1454 1189 iis
1465 1161 1538 1189 nulla
1550 1161 1601 1189 alia
1616 1172 1726 1200 compa-

192 1219 307 1240 ret:n0n
328 1212 398 1240 enim
414 1211 564 1250 putandum
575 1219 612 1240 est
626 1222 758 1240 sermones
772 1211 805 1239 de
817 1212 967 1239 Pentecoste
980 1209 1013 1237 de
1036 1209 1134 1246 quibus
1160 1218 1240 1246 supra
1268 1207 1389 1235 diximus
1411 1207 1436 1235 in
1455 1207 1550 1235 harum
1574 1207 1608 1235 de
1622 1207 1727 1246 Spiritu

191 1265 281 1286 sancto
295 1258 468 1285 homiliarum
481 1268 590 1285 numero
601 1257 804 1296 comprehensos
818 1256 899 1284 fuisse
914 1268 918 1282 :
934 1255 993 1283 illos
1005 1254 1106 1292 quippe
1117 1254 1170 1281 alio
1181 1253 1238 1280 loco
1248 1252 1390 1291 separatim
1403 1259 1590 1280 commemorat
1603 1252 1724 1287 Photius,

192 1310 221 1331 ut
240 1303 339 1331 ibidem
354 1302 483 1330 diximus.
500 1303 582 1331 Aliud
592 1303 683 1331 exhoc
694 1302 782 1331 Photii
793 1301 950 1340 compendio
964 1299 1074 1335 insere-53
1089 1309 1182 1337 nempe
1191 1298 1262 1325 hunc
1271 1298 1438 1336 scriptorem,
1449 1299 1494 1336 qui
1507 1298 1727 1337 Chrysostomum

191 1348 345 1383 ementitur,
366 1348 469 1385 ingenio
486 1349 602 1376 valuisse
621 1360 626 1375 z
643 1348 669 1376 in
685 1348 734 1376 hae
760 1347 832 1375 enim
847 1347 960 1385 epitome
982 1346 1038 1383 ejus
1053 1344 1195 1373 ratiocinia
1218 1343 1316 1371 clarius
1331 1344 1504 1371 enuntiantur
1519 1356 1524 1371 :
1540 1354 1601 1372 nam
1615 1343 1727 1382 scriptor

192 1394 316 1429 ille,non
333 1393 417 1421 multo
430 1393 538 1421 inferior
553 1400 629 1421 inmte
646 1393 847 1432 Chrysostomo,
863 1391 984 1419 nonnihil
1000 1390 1139 1419 intricatus
1149 1396 1187 1417 cst
1198 1389 1224 1417 in
1243 1389 1409 1427 syllogismis
1423 1390 1487 1417 suis.
1657 1383 1661 1390 i

232 1439 297 1467 llaec
308 1439 416 1466 homilia
432 1439 605 1467 initiohabita
619 1439 701 1466 terun-
713 1438 756 1465 (lic
770 1440 939 1466 Pentecosten
956 1437 1108 1474 insequente
1120 1447 1125 1462 ε
1139 1446 1169 1464 ac
1184 1441 1275 1463 contra
1290 1434 1497 1463 Macedonianos
1510 1435 1563 1463 sere
1574 1444 1678 1473 semper
1685 1445 1727 1463 res

194 1484 293 1522 agitur,
309 1484 451 1522 etquidem
463 1491 567 1512 strenue
580 1483 796 1522 argumentisque
809 1493 843 1510 cx
858 1482 996 1520 Scriptura
1008 1492 1080 1509 saera
1095 1480 1232 1509 desumtis.
1244 1479 1379 1518 Principio
1390 1480 1500 1507 (locetur
1515 1480 1604 1517 inquo
1618 1479 1725 1507 differat

194 1530 327 1568 generatio
341 1541 355 1557 a
371 1530 538 1568 processione
552 1541 556 1556 z
570 1529 690 1557 dilucide
706 1528 807 1556 dicitur
822 1528 1032 1556 intercessionem
1056 1534 1209 1554 sanctorum
1225 1525 1302 1553 nobis
1319 1525 1352 1553 ad
1367 1526 1532 1553 sanctitatem
1548 1525 1651 1553 auxilio
1662 1536 1724 1554 esse.

194 1576 311 1603 Docetur
324 1575 404 1603 etiam
418 1575 623 1603 Macedonianos
637 1574 685 1601 etsi
700 1573 1000 1601 consubstantialitatem
1012 1572 1074 1600 Filii
1095 1571 1274 1606 admitterent,
1295 1570 1318 1598 ei
1331 1577 1417 1598 tamen
1430 1570 1575 1598 secundum
1591 1570 1727 1599 Nicaenam

194 1620 335 1658 Synodum
349 1620 514 1647 subscribere
526 1620 607 1647 nolle.
634 1619 691 1647 Sub
712 1619 791 1646 finem
804 1618 837 1646 de
858 1619 986 1646 Montano
1008 1625 1033 1646 et
1054 1617 1087 1646 de
1101 1617 1260 1652 Maniclioeo,
1276 1616 1309 1644 de
1324 1623 1458 1656 postremo
1472 1616 1590 1645 maxime
1600 1615 1726 1644 nonnulla

196 1666 262 1693 scitu
273 1665 353 1703 digna
368 1665 519 1693 traduntur.

235 1710 481 1749 lutei-pretationem
497 1717 622 1745 veterem,
637 1720 717 1747 quam
731 1709 867 1737 nonnullis
883 1709 909 1737 in
922 1709 986 1737 locis
1007 1709 1105 1737 Fronto
1122 1709 1237 1736 Dueaeus
1263 1706 1448 1746 castigaverat,
1464 1714 1489 1735 et
1514 1706 1603 1735 adhuc
1625 1705 1727 1735 medica

197 1766 277 1784 manu
290 1756 391 1794 egebat,
408 1755 500 1783 multis
514 1754 575 1783 aliis
586 1755 611 1782 in
626 1755 690 1782 locis
705 1753 913 1783 emendavimus.

197 1926 225 1953 S.
260 1925 439 1954 JOANMS
467 1924 749 1953 CHRJ'SOSTOJII
772 1923 909 1951 SERJIO
927 1926 945 1947 Α
1121 1923 1423 1952 3ΧΡΥΣΟΣΤΟΜΟΥ
1444 1923 1577 1950 ΟΜΙΛΙΑ

408 2017 444 2044 de
457 2023 560 2045 sancto
574 2016 691 2055 Spiritu.
1154 2015 1213 2055 περὶ
1225 2018 1269 2044 τοῦ
1284 2015 1356 2054 ἁγίου
1370 2014 1536 2052 Πνεύματος.

240 2108 591 2142 1.Herianol)is,amatores
602 2107 714 2142 Christi,
724 2107 805 2135 sancti
815 2106 909 2135 etado-
1004 2108 1071 2139 ΧΟὲς
1085 2110 1158 2143 ἡμῖν,
1173 2101 1194 2134 ὦ
1213 2106 1389 2145 φιλόχριστοι,
1404 2109 1420 2140 ἡ
1435 2109 1480 2135 τοῦ
1502 2105 1574 2143 ἁγίου
1590 2108 1634 2133 καὶ
1648 2117 1730 2143 προσ-

199 2147 276 2176 randi
299 2148 415 2186 Spiritus
433 2148 615 2175 celebrabatur
629 2147 773 2180 adventus;
795 2157 846 2174 non
860 2147 909 2173 liu-
963 2150 1072 2181 κυνητοῧ
1087 2146 1240 2183 Πνεύματος
1263 2146 1424 2184 ἐπιφοίτησις
1449 2147 1599 2182 ἀνυμνεῐτο,
1617 2146 1664 2173 οὐκ
1683 2146 1730 2172 ἀν-

200 2198 339 2215 manarum
365 2187 554 2223 cogitationum
575 2187 674 2214 honore
701 2192 836 2224 exceptus,
863 2185 909 2213 scd
963 2186 1105 2225 Ορωπίναις
1127 2185 1234 2216 ἐννοίαις
1247 2184 1401 2222 τιμωμένη,
1419 2184 1486 2212 ἀλλὰ
1501 2187 1532 2221 τῇ
1555 2186 1670 2222 πατρικῇ
1689 2184 1730 2211 δυ-

198 2233 313 2265 paterna:
339 2225 445 2254 virtutis
470 2226 619 2253 testimonio
640 2226 907 2264 comp1·ob.·1tus.Non
962 2226 1040 2262 νάμει
1057 2224 1266 2263 μαρτυρουμένη.
1286 2225 1326 2252 Οὐ
1355 2223 1405 2262 γὰρ
1430 2223 1456 2256 ἐξ
1479 2219 1514 2251 ὧν
1536 2224 1691 2261 λογιζόμεθα
1713 2221 1734 2255 ἢ

196 2266 268 2293 enim
282 2265 362 2293 exiis
385 2275 443 2302 quae
466 2265 612 2302 cogitamus
637 2265 679 2293 vel
696 2265 832 2302 loquimur
848 2275 909 2292 ver·
962 2264 1142 2308 ffioayyo'ust,
1157 2266 1170 2292 ὁ
1192 2266 1236 2291 τοῦ
1258 2265 1326 2291 Θεοῦ
1348 2261 1500 2290 συνίσταται
1521 2263 1609 2300 λόγος,
1626 2262 1683 2290 ἀλλ’
1703 2261 1730 2293 ἐξ

195 2306 262 2333 bum
276 2304 326 2333 Dei
347 2304 565 2331 commendatur:
581 2303 625 2331 sed
643 2315 731 2342 perca
747 2304 845 2341 quibus
868 2303 905 2330 il-
962 2308 997 2332 ὡν
1022 2304 1185 2342 φωτιζόμεθα
1209 2302 1254 2330 καὶ
1276 2304 1291 2335 ἡ
1315 2301 1434 2330 sautem
1457 2301 1623 2336 συνίσταται,
1647 2300 1691 2328 καὶ
1713 2302 1729 2333 ἡ

194 2344 341 2373 lusti-amur
361 2350 386 2371 et
413 2343 495 2382 pietas
521 2343 733 2380 commendatur,
757 2350 781 2371 et
808 2342 906 2371 veritas
961 2343 1069 2378 ἀλήθεια
1084 2342 1249 2381 κηρύττεται.
1264 2341 1349 2373 Μόνος
1363 2343 1376 2369 ὁ
1392 2343 1437 2370 τοῦ
1451 2342 1520 2370 Θεοῦ
1533 2340 1623 2377 λόγος,
1635 2339 1702 2376 μόνη
1713 2341 1730 2372 ἡ

227 2443 236 2454 a
255 2434 352 2459 Collata
365 2442 421 2458 cum
431 2434 487 2458 Mss.
499 2434 559 2465 Reg.
572 2433 646 2462 2343,
655 2438 680 2456 et.
692 2441 750 2456 cum
762 2432 873 2458 Colbert.
889 2435 945 2458 970.
975 2440 1043 2459 νοεῖτε
1055 2432 1111 2466 (sic)
1124 2437 1162 2463 τὸ,
1174 2435 1262 2461 κλητὸς.
1273 2431 1344 2456 Idem
1361 2430 1436 2463 paulo
1448 2436 1505 2463 post
1520 2431 1618 2455 initium
1631 2434 1692 2457 ἀλλὰ
1704 2436 1732 2463 τῇ,

195 2476 224 2498 Iu
235 2474 308 2500 Colb.
323 2473 409 2498 titulus
418 2493 424 2504 ‚
437 2475 514 2505 ὁμιλία
526 2476 578 2506 περὶ
590 2476 629 2497 τοῦ
646 2475 709 2503 ἁγίου
727 2474 852 2503 πνεύματος
871 2477 907 2497 mi
922 2477 950 2501 sl,-
977 2477 1045 2505 οΙκείᾳ
1058 2475 1148 2503 δυνάμει
1159 2473 1351 2506 μαρτυρούμενος.

194 2518 232 2539 τὸν
243 2517 374 2547 πεκρκσμῆν,
385 2517 420 2538 καὶ
434 2517 461 2541 εἷς
473 2516 510 2538 rhu
523 2515 603 2544 λῃστὴν
616 2515 652 2536 mi
671 2515 730 2536 κατὰ
744 2510 851 2543 Recta-stira
860 2530 865 2540 ‚
876 2515 911 2536 καὶ
931 2516 952 2536 τί
