1843 2810
225 135 309 177 586'

226 223 264 244 set
277 216 345 245 intra
359 225 484 254 sagenam
506 225 582 244 suam
606 216 800 245 adolescentem
822 227 944 255 compre—

228 261 353 298 hendere,
364 268 443 299 atque
451 261 478 290 in
488 261 613 290 adulterii
623 262 781 290 barathrum
791 262 943 296 devolvere,

229 307 361 345 mortique
384 306 488 335 tradere
505 308 659 337 immortali.
673 307 706 336 Et
722 308 812 336 exibat
826 308 945 346 quotidie

228 351 264 380 ad
276 352 344 380 lianc
357 352 522 381 venationem
536 353 570 381 ab
583 353 634 381 hoc
648 353 740 381 morbo
757 353 902 389 stimulata,
919 360 944 381 et

228 397 279 426 hoc
293 408 382 426 amore
393 397 493 426 lascivo
507 406 607 426 armata
623 410 628 425 ε
643 408 756 436 cumque
767 398 854 426 solnm
866 398 943 426 illum

228 442 373 481 aliquando
401 442 634 482 deprehendisset,
657 442 693 470 ad
718 443 841 480 iniquum
865 443 944 471 illum

229 498 400 527 congressum
420 488 549 516 violenter
572 487 704 521 trahebat,
719 488 837 516 alienum
855 495 943 516 torum

228 533 330 562 violare
347 533 465 571 cogebat,
483 540 507 561 et
519 533 666 561 castitatem
677 533 773 561 laedere
785 533 941 562 conabatur.

229 582 266 607 At
281 579 350 607 nihil
365 586 451 607 tamen
464 578 525 606 inde
540 578 602 606 mali
620 589 713 617 passus
726 586 763 607 est
777 580 866 618 justus
879 580 942 617 ille;

229 624 274 652 sed
292 631 317 652 et
336 624 457 652 libidinis
480 623 657 662 tyrannidem,
673 631 697 652 et
717 624 847 662 juvenilis
860 625 944 653 :etatis

228 669 359 706 stimulos,
375 676 400 698 et
422 669 527 697 lascivae
552 668 672 697 mulieris
693 669 814 707 insidias,
828 670 944 699 insultus

227 715 356 751 dominae,
376 714 525 753 juventutis
545 721 642 752 motus,
665 722 689 743 et
705 726 795 744 omnes
810 716 942 753 incursus,

227 771 294 798 quos
308 761 342 788 ab
357 760 404 788 illo
422 767 542 788 contactu
563 760 659 789 sentire
678 761 766 800 potuit
787 768 904 799 exortos,
919 768 944 790 ct

227 805 261 833 ab
275 813 393 845 aspectu,
407 813 432 834 et
446 806 548 834 insania
562 805 617 843 illa,
632 817 713 843 quam
727 807 855 836 facillime
866 818 943 846 supe-

227 850 306 886 ravit,
319 861 350 879 ac
365 857 500 889 tamquam
513 851 600 889 aquila
614 852 742 880 sublimes
757 852 865 881 tendens
878 853 943 889 alas,

227 896 348 935 ipsasque
356 903 441 925 vestes
453 906 552 925 exuens
565 903 591 924 et
603 897 747 936 impudicis
759 897 883 926 manibus
897 898 943 926 de-

226 941 390 979 relinquens,
405 952 525 980 egressus
541 948 580 970 est
593 943 713 971 vestibus
727 943 837 980 quidem
858 943 943 971 nuda-

226 993 278 1024 tus,
291 987 338 1015 sed
348 987 490 1026 splendido
501 987 627 1016 castitatis
640 988 739 1016 amictu
752 987 942 1025 circumdatus,

224 1038 305 1070 atque
319 1032 375 1071 ipsa
395 1042 514 1071 purpura
528 1032 678 1061 illustriori.
695 1033 764 1061 Hinc
781 1034 881 1062 sactum
904 1040 942 1061 est

224 1077 329 1114 deinde,
337 1084 365 1105 ut
377 1077 403 1106 in
414 1088 475 1106 enm
487 1077 593 1116 gladius
604 1086 743 1107 acueretur
756 1079 861 1115 iterum,
873 1090 941 1107 mor·
960 1102 978 1123 Α

224 1122 258 1150 tis
281 1122 384 1150 insidiae
402 1129 579 1158 struerentur,
595 1123 680 1162 major
705 1131 847 1162 tempestas
870 1124 942 1152 exci-

223 1174 334 1204 taretur,
346 1174 371 1195 et
388 1168 507 1196 mulieris
522 1168 596 1196 furor
610 1169 761 1208 Babylonia
777 1170 881 1198 fornace
895 1180 941 1198 ve-

224 1213 374 1241 hementius
399 1213 596 1242 accenderetur.
610 1214 679 1242 Nam
700 1222 725 1243 et
744 1215 830 1244 acrius
844 1215 944 1245 deinde

222 1258 441 1287 inflammabatur
460 1259 605 1298 cupiditas,
622 1266 647 1288 et
669 1259 819 1298 iracundia,
835 1261 941 1299 gravis-

223 1303 289 1332 sima
314 1304 481 1343 perturbatio
503 1305 601 1340 altera,
625 1316 729 1333 summa
752 1317 812 1334 cum
839 1307 941 1335 saevitia

223 1359 250 1376 se
261 1348 436 1387 adjungebat,
449 1349 483 1377 ad
500 1349 599 1378 coedcm
614 1351 759 1389 spectabat,
770 1351 803 1379 ad
819 1351 941 1389 gladium

223 1394 356 1427 currebat,
372 1393 567 1431 iniquissimam
584 1394 681 1423 caedem
695 1397 848 1434 appetebat,
861 1403 886 1425 et
899 1407 942 1425 ca-

223 1438 319 1466 stitatis
334 1438 473 1476 athletam,
490 1440 697 1478 constantiaeque
711 1441 829 1479 pugilem
846 1452 876 1470 ac
892 1452 939 1480 pa-

221 1483 320 1512 tientia:
341 1483 493 1522 interimere
516 1485 685 1523 properabat.
708 1486 829 1524 Cumque
850 1487 941 1516 virum

221 1539 300 1557 suum
320 1528 439 1566 adiisset,
455 1536 479 1557 et
502 1540 561 1567 quae
581 1530 731 1559 acciderant
752 1532 938 1570 renuntiasset,

222 1584 274 1602 nou
294 1573 329 1602 ita
345 1581 373 1602 ut
391 1574 489 1603 veritas
504 1575 542 1603 rei
556 1575 666 1611 ferebat,
684 1576 731 1604 sed
754 1584 782 1606 ut
803 1578 848 1605 illa
867 1578 940 1606 calu-

222 1619 300 1648 mniae
309 1620 427 1648 fabulam
437 1628 586 1648 commenta
597 1628 660 1658 erat,
671 1633 847 1661 quaecumque
855 1623 941 1652 voluit

219 1664 306 1703 judici
329 1665 477 1693 accusando
500 1666 645 1704 persuasit,
662 1674 688 1695 et
712 1674 848 1706 tamquam
872 1668 941 1708 inju-

223 1710 291 1739 riam
310 1721 396 1749 passa,
414 1711 541 1740 ultionem
564 1713 680 1751 petebat,
697 1720 779 1752 atque
796 1714 830 1742 ad
848 1725 941 1743 eorum

221 1755 417 1794 probationem,
442 1767 501 1794 quse
523 1756 640 1795 dicebat,
664 1758 812 1788 innocentis
832 1760 940 1800 juvenis
958 1773 975 1796 B

221 1808 307 1829 vestes
322 1801 435 1840 impuris
453 1802 508 1830 illis
520 1803 646 1831 manibus
667 1805 825 1834 ostentabat.
837 1808 871 1834 At
886 1817 941 1834 cor-

221 1853 317 1885 ruptus
333 1847 377 1875 illc
390 1846 476 1886 judex
494 1858 544 1876 non
564 1859 640 1877 reum
660 1849 686 1877 in
704 1850 839 1889 judicium
858 1852 941 1881 intro-

221 1892 310 1928 duxit,
326 1902 377 1920 non
393 1903 501 1920 eausam
520 1893 616 1932 agendi
633 1895 695 1923 fecit
709 1903 877 1935 potestatem,
896 1898 943 1926 sed

222 1948 282 1965 eum
297 1938 342 1976 qui
358 1948 390 1966 ne
400 1938 536 1977 judicium
552 1939 661 1977 quidem
677 1950 859 1981 conspexerat,
873 1950 942 1972 tam-

223 1994 304 2021 quam
320 1984 430 2012 uoxium
447 1985 552 2013 sceleris
575 1986 738 2025 convictum,
754 1995 779 2017 et
794 1989 942 2028 perfectum

223 2029 376 2058 adulterum
396 2030 544 2068 damnavit,
559 2039 583 2060 et
600 2032 627 2061 in
640 2043 771 2062 carcerem
791 2035 940 2074 conjectum

223 2075 322 2103 catenis
345 2076 500 2105 adstrinxit.
515 2078 608 2116 ltaque
629 2079 675 2117 qui
697 2086 752 2108 tam
772 2081 864 2110 multis
885 2089 941 2110 erat

223 2120 327 2148 coronis
341 2121 481 2149 redimitus
494 2122 612 2161 virtutis,
625 2125 782 2154 versabatur
795 2125 821 2154 in
837 2137 941 2156 carcere

223 2173 281 2194 tum
294 2167 420 2205 temporis
435 2178 496 2196 cnm
512 2169 713 2207 impostoribus,
729 2182 790 2200 cum
805 2173 940 2211 sepulcro-

223 2222 284 2239 rum
303 2212 508 2250 perfossoribus,
524 2224 584 2242 cum
608 2215 719 2253 sicariis,
732 2227 794 2246 cum
813 2217 877 2255 illis,
894 2219 939 2257 qni

223 2257 383 2295 gravissima
404 2258 502 2286 scelera
521 2267 711 2298 perpetrarant.
728 2265 851 2292 Attamen
872 2265 940 2293 nihil

221 2302 319 2330 horum
334 2302 390 2341 ejus
408 2303 529 2331 animum
547 2306 735 2335 conturbabat.
750 2307 785 2336 Et
799 2309 866 2337 alter
877 2310 938 2348 qui-

222 2347 294 2384 dem,
311 2348 357 2386 qui
382 2358 471 2386 regem
495 2348 858 2390 offenderat,dimittebatur,
881 2355 938 2393 ipse

222 2401 311 2422 autem
334 2394 415 2431 longo
436 2401 554 2432 tempore
579 2396 674 2424 mansit
693 2397 772 2433 intus,
784 2405 809 2426 et
824 2409 938 2436 quorum

222 2450 300 2468 cansa
320 2439 437 2479 praemiis
461 2440 618 2469 afficiendus
635 2449 709 2479 erat,
728 2450 753 2470 et
775 2443 935 2483 laudandus,

567 154 595 176 S.
624 152 763 177 JOANMS
790 154 975 178 CHRYSOST.

220 2497 370 2518 extremum
385 2490 549 2529 supplicium
564 2491 719 2520 sustinebat.
734 2493 787 2522 Sed
801 2504 833 2522 ne
848 2495 885 2523 sic
899 2502 936 2524 ta-

221 2550 279 2569 men
297 2539 467 2578 turbabatur,
484 2550 568 2578 neque
586 2541 817 2572 scandalizabatur
825 2555 834 2581 5
850 2554 936 2583 neque

950 1075 985 1093 [092

1004 155 1147 178 ARCfflEP
1154 171 1161 178 .
1190 156 1252 179 CON
1258 156 1444 179 STANTINOP
1451 171 1458 178 .

995 217 1053 250 λίας
1079 217 1212 256 ὓπερὸὰς,
1235 218 1325 257 ὥσπερ
1345 231 1383 251 τις
1411 219 1483 251 ἀετὸς
1509 219 1607 257 ὑψηλὸν
1629 219 1713 252 τείνας
1733 219 1761 248 τὸ

995 268 1098 306 πτερὸν,
1115 269 1160 296 καὶ
1173 269 1239 297 αὐτὰ
1260 269 1454 308 ἀποδυσάμενος
1465 269 1497 298 τὰ
1511 269 1605 307 ἱμάτια
1619 269 1664 297 καὶ
1678 281 1762 298 κατα-

994 320 1078 349 λιπὼν
1103 324 1158 352 ταῖς
1179 321 1332 353 ἀκολάστοις
1354 321 1452 360 χερσὶν,
1467 320 1571 356 ἐξῆλθεν
1586 321 1697 358 ἱματίων
1714 321 1759 359 μὲν

995 371 1104 409 γυμνὸς,
1115 369 1240 408 λαμπρὰν
1259 370 1285 398 δὲ
1299 373 1345 405 τῆς
1358 371 1526 410 σωφροσύνης
1541 371 1608 410 ἔχων
1622 371 1670 406 τὴν
1688 384 1761 409 περι-

996 422 1086 457 ἕολὴν,
1109 422 1154 450 καὶ
1174 423 1221 456 τῆς
1249 423 1399 462 ἁλουργίδος
1425 425 1506 458 αὐτῆς
1526 423 1760 463 περιφανεστέραν.

997 473 1132 502 Ἐντεῦθεν
1153 475 1222 513 αὐτῷ
1247 474 1315 513 ξίφος
1340 477 1452 509 ἠκονᾶτο
1473 476 1563 510 πάλιν,
1589 476 1634 504 καὶ
1653 476 1760 507 θάνατος

996 527 1152 563 ἐμελετᾶτο,
1173 525 1217 554 καὶ
1234 526 1266 555 τὰ
1281 526 1385 564 κύματα
1406 527 1448 556 ἐπὶ
1463 527 1492 555 τὸ
1509 530 1593 565 μεῖζον
1607 527 1700 566 ᾔρετο,
1714 527 1760 556 καὶ

995 579 1013 611 ἡ
1034 578 1115 615 μανία
1130 581 1175 614 τῆς
1191 578 1312 617 γυναικὸς
1326 581 1372 613 τῆς
1386 578 1556 611 Βαῧυλωνίας
1570 579 1680 617 καμίνου
1696 591 1756 618 σφο-

996 630 1114 670 δρότερον
1137 631 1275 665 ἀνῆπτε-το.
1293 630 1333 659 Ἥ
1348 642 1376 658 τε
1391 629 1442 669 γὰρ
1467 631 1591 669 ἐπιθυμία
1610 631 1700 659 λοιπὸν
1717 630 1759 659 ἐπὶ

997 684 1083 720 μεῖζον
1110 682 1244 721 ἠγείρετο,
1258 681 1273 710 ὅ
1298 693 1326 709 τε
1350 681 1429 719 θυμὸς
1444 704 1452 716 ,
1470 682 1555 719 ἕτερον
1570 681 1759 720 χαλεπώτατον

994 734 1088 769 πάθος,
1102 734 1168 772 μετὰ
1182 735 1281 768 πολλῆς
1293 732 1460 772 προσετίθετο
1470 735 1516 767 τ’ῆς
1530 732 1682 771 ἀγριότητος
1692 755 1699 767 ,
1714 732 1759 760 καὶ

994 786 1068 826 φόνον
1088 786 1182 814 {mem
1202 785 1246 813 καὶ
1261 785 1304 813 ἐπὶ
1321 784 1390 823 ξίφος
1408 784 1513 823 ἔτρεχε,
1527 785 1571 813 καὶ
1593 786 1693 823 σφαγῆς
1707 784 1759 822 ἤρα

993 837 1232 876 παρανομωτάτης,
1257 837 1301 865 καὶ
1321 837 1363 865 τὸν
1379 839 1425 871 τῆς
1449 836 1617 875 σωφροσύνης
1631 835 1761 871 ἀθλητὴν,

993 889 1037 917 καὶ
1053 889 1096 917 τὸν
1116 891 1162 923 τῆς
1176 888 1315 928 καρτερίας
1329 889 1374 917 καὶ
1391 890 1523 926 ὑπομονῆς
1539 888 1684 927 ἀγωνιστὴν
1698 890 1758 916 ἀνε-

992 941 1046 969 λεῖν
1059 941 1176 969 ἔσπευδε.
1199 941 1250 969 Καὶ
1273 941 1456 975 εἰσπηδήσασα
1477 940 1541 979 πρὸς
1554 940 1598 969 τὸν
1620 940 1700 978 ἄνδρα
1714 939 1758 967 τὸν

992 993 1103 1027 ἑαυτῆς,
1120 992 1303 1030 ἆπαγγείλασα
1318 991 1350 1020 τὰ
1365 991 1540 1030 γεγενημένα,
1558 993 1606 1031 οὐχ
1624 995 1659 1024 ὡς
1678 994 1694 1026 ἡ
1713 995 1758 1020 τοῦ

991 1044 1145 1083 πράγματος
1167 1039 1235 1083 εἶχεν
1257 1044 1384 1079 ἀλήθεια,
1407 1045 1464 1072 ἀλλ’
1484 1045 1519 1075 ὡς
1536 1043 1601 1078 αὐτὴ
1624 1044 1654 1072 τὸ
1669 1044 1757 1082 δρᾶμα

992 1098 1039 1130 τῆς
1062 1096 1234 1135 συκοφαντίας
1252 1096 1452 1131 κατεσκεύασεν,
1477 1095 1577 1124 ἔπεισεν
1601 1095 1668 1134 ἅπερ
1682 1095 1758 1129 ἤθελε

992 1149 1035 1177 τὸν
1048 1147 1184 1183 δικαστὴν,
1206 1148 1317 1188 ἐρημίαν
1332 1150 1530 1187 κατηγοροῦσα,
1552 1147 1596 1175 καὶ
1611 1149 1646 1179 ὡς
1665 1147 1758 1182 ἠδικη-

993 1199 1058 1237 μένη
1070 1200 1116 1235 τὴν
1129 1199 1244 1228 ἐκδικίαν
1258 1201 1408 1235 ἐπεζητεῖτο
1418 1222 1425 1234 ,
1437 1201 1474 1232 εἷς
1488 1198 1618 1231 ἀπόδειξιν
1632 1194 1667 1226 [Su
1685 1197 1758 1235 ἔλεγε

992 1252 1025 1281 τὰ
1047 1252 1141 1288 ἱμάτια
1167 1255 1211 1280 τοῦ
1237 1251 1323 1280 ἀθώου
1345 1251 1479 1279 νεανίσκου
1503 1250 1677 1290 περιφέρουσα
1700 1253 1758 1281 ταῖς

992 1305 1148 1343 ἀκαθάρτοις
1162 1303 1251 1342 χερσὶν
1273 1303 1391 1335 ἐκείναις.
1418 1302 1469 1331 Καὶ
1483 1304 1496 1330 ὁ
1515 1301 1698 1340 διεφθαρμένος
1719 1302 1758 1329 δι-

991 1355 1090 1390 καστὴς
1107 1357 1153 1383 οὐκ
1170 1357 1205 1387 εἷς
1224 1355 1390 1393 δικαστήριον
1407 1354 1530 1392 εἰσήγαγε
1542 1353 1585 1381 τὸν
1599 1351 1757 1391 κατηγορού-

992 1418 1078 1443 μενον,
1093 1408 1120 1435 οὐ
1142 1406 1218 1445 λόγου
1234 1406 1388 1444 μετέδωκεν,
1400 1405 1467 1433 ἀλλὰ
1484 1405 1526 1434 τὸν
1549 1405 1604 1433 οὐδὲ
1622 1405 1757 1444 ἑωρακότα

992 1458 1168 1496 δικαστήριον,
1197 1459 1233 1490 ὡς
1258 1457 1406 1493 ἑαλωκότα,
1437 1459 1471 1489 ὡς
1502 1456 1689 1495 ἐληλεγμένον,
1714 1456 1758 1484 καὶ

990 1507 1080 1546 μοιχὸν
1096 1508 1289 1547 ἀπηρτισμένον
1305 1507 1460 1536 κατεδίκασε
1471 1530 1478 1542 ,
1499 1507 1543 1536 καὶ
1565 1509 1599 1539 εἷς
1617 1507 1757 1545 δεσμωτή-

993 1571 1044 1599 ριον
1061 1560 1181 1597 ἐνέέαλε,
1194 1560 1238 1588 καὶ
1253 1559 1344 1588 ἁλύσει
1362 1560 1507 1599 παρέδωκε.
1522 1559 1574 1588 Καὶ
1595 1555 1626 1594 ἧν
1640 1559 1729 1588 λοιπὸν
1745 1562 1758 1588 ὁ

991 1611 1128 1644 τοσούτους
1157 1611 1295 1650 στεφάνους
1329 1612 1525 1650 ἀναδησάμενος
1551 1613 1660 1650 ἀρετῆς,
1692 1611 1758 1649 μετὰ

991 1666 1102 1704 γοήτων,
1123 1665 1189 1703 μετὰ
1209 1665 1400 1704 τυμῧωρύχων,
1417 1665 1483 1702 μετὰ
1502 1665 1674 1704 ἀνδροφόνων,
1690 1666 1757 1704 μετὰ

991 1719 1042 1745 τῶν
1057 1717 1090 1745 τὰ
1114 1717 1213 1755 ἔσχατα
1235 1717 1445 1754 τετολμηκότων,
1469 1718 1496 1745 ἐν
1518 1719 1556 1755 τῷ
1577 1717 1758 1757 δεσμωτηρίῳ.

993 1768 1061 1797 Ἀλλ’
1083 1768 1152 1806 ὅμως
1167 1768 1239 1797 οὐδὲν
1259 1769 1334 1797 αὐτὸν
1354 1768 1450 1797 τούτων
1463 1768 1588 1807 ἐθορύὸει.
1607 1769 1659 1798 Καὶ
1674 1769 1759 1809 ἕτερος

994 1819 1041 1857 μὲν
1067 1822 1104 1859 τῷ
1135 1821 1237 1858 βασιλεῖ
1264 1819 1480 1859 προσκεκρουκὼς
1501 1820 1605 1859 ἠφίετο,
1633 1821 1708 1854 αὐτὸς
1732 1821 1761 1851 δὲ

995 1872 1095 1912 μακρὸν
1119 1873 1189 1901 ἔνδον
1204 1871 1278 1909 ἔμενε
1301 1871 1404 1911 χρόνον,
1424 1871 1489 1911 ὑπὲρ
1504 1867 1539 1900 ὧν
1565 1872 1641 1901 αὐτὸν
1664 1884 1759 1912 στεφα-

995 1927 1099 1953 νοῦσθαι
1116 1924 1160 1952 καὶ
1175 1923 1399 1962 ἀνακηρύττεσθαι
1414 1924 1481 1959 ἔδει,
1494 1923 1542 1959 τὴν
1555 1923 1669 1963 ἐσχάτην
1681 1924 1761 1953 τίνων

995 1976 1133 2016 τιμωρίαν,
1146 1976 1198 2004 Καὶ
1209 1975 1266 2004 οὐδὲ
1280 1975 1361 2007 οὕτως
1372 1976 1542 2014 ἐταράττετο,
1559 1975 1617 2005 οὐδὲ
1632 1977 1759 2005 ἐσκανδα-

995 2029 1088 2062 λίζετο,
1101 2027 1158 2056 οὐδὲ
1172 2023 1244 2063 εἶπε,
1259 2027 1285 2055 τί
1304 2029 1393 2062 τοῦτο;
1408 2029 1443 2060 εἷς
1456 2027 1482 2055 τί
1502 2029 1594 2060 τοῦτο;
1624 2029 1637 2056 ὁ
1658 2027 1759 2066 μέλλων

995 2079 1047 2118 ἐγὼ
1064 2082 1114 2108 τῶν
1132 2080 1249 2119 ἀδελφῶν
1266 2079 1422 2117 βασιλεύειν,
1448 2080 1476 2108 οὔ
1501 2079 1578 2118 μόνον
1593 2079 1690 2115 ταύτης
1710 2079 1760 2112 ἐξέ-

994 2143 1063 2160 πεσα
1077 2133 1124 2166 τ’ἧς
1139 2133 1230 2169 τιμῆς,
1251 2131 1319 2160 ἀλλὰ
1333 2131 1378 2160 καὶ
1393 2131 1532 2170 πατρίδος,
1547 2131 1590 2160 καὶ
1605 2131 1701 2166 οἰκίας,
1715 2131 1761 2159 καὶ

994 2183 1099 2222 γονέων,
1123 2184 1167 2212 καὶ
1182 2183 1345 2222 ἐλευθερίας,
1360 2183 1405 2211 καὶ
1419 2182 1519 2218 ἀδείας,
1532 2183 1576 2211 καὶ
1597 2183 1659 2222 παρ’
1675 2183 1759 2210 αὐτῶν

993 2236 1044 2263 τῶν
1068 2234 1214 2273 μελλόντων
1231 2247 1263 2272 με
1277 2238 1432 2274 προσκυνεῖν
1452 2234 1589 2273 ἀνῃρέθην.
1607 2229 1674 2262 Εἶτα
1694 2233 1759 2271 μετὰ

993 2286 1040 2322 τὴν
1054 2286 1156 2326 σφαγὴν
1169 2287 1292 2325 ἐπράθην,
1309 2287 1397 2318 δοῦλος
1413 2287 1537 2324 ἐγενόμην
1551 2285 1700 2325 βαρὸάρων,
1715 2287 1760 2314 καὶ

994 2343 1110 2378 συνεχεῖς
1131 2340 1232 2377 ἥμειψα
1249 2338 1389 2370 δεσπότας·
1413 2338 1458 2366 καὶ
1483 2338 1539 2366 οὐδὲ
1565 2340 1674 2367 ἐνταῦθα
1696 2338 1758 2372 ἔστ-η

994 2403 1038 2429 μοι
1057 2391 1090 2420 τὰ
1103 2390 1189 2427 δεινὰ,
1203 2390 1269 2419 ἀλλὰ
1281 2392 1416 2429 πανταχοῦ
1431 2390 1550 2429 βάραθρα
1568 2390 1611 2418 καὶ
1626 2390 1757 2419 σκόπελοι.

993 2443 1068 2472 Μετὰ
1080 2443 1130 2483 γὰρ
1144 2443 1191 2477 τὴν
1205 2442 1344 2477 ἐπιίουλὴν
1360 2445 1411 2471 τῶν
1423 2443 1550 2481 ἀδελφῶν,
1568 2442 1612 2470 καὶ
1629 2442 1676 2477 τὴν
1690 2454 1758 2481 σφα-

991 2495 1049 2533 γὴν,
1072 2495 1116 2524 καὶ
1142 2496 1188 2530 τὴν
1205 2494 1321 2523 δουλείαν
1345 2494 1389 2522 καὶ
1412 2494 1457 2529 τὴν
1480 2494 1610 2534 προτέραν
1638 2494 1683 2523 καὶ
1709 2494 1756 2529 τὴν

991 2546 1121 2585 δευτέραν,
1136 2546 1214 2575 πάλιν
1239 2558 1283 2583 μοι
1305 2546 1413 2579 θάνατος
1433 2546 1576 2584 ἔμελε-τήθη
1591 2563 1599 2584 ,
1616 2546 1660 2575 καὶ
1679 2557 1755 2575 cuno<
