1843 2810
240 127 308 161 792
566 123 595 146 S.

364 238 452 266 CXV.
471 238 631 277 Theophila
645 238 825 277 presbytero,

145 333 229 361 Scripta
280 328 339 357 Hoc
352 339 458 367 quoque
472 329 511 357 tui
527 328 658 364 candoris,
675 327 798 366 gratique
811 326 894 354 animi
909 333 956 363 est,

86 368 203 415 ἓὶῗξζᾞ
240 374 312 412 quod
325 384 387 403 cum
406 374 440 402 ab
460 374 513 410 his,
528 373 626 412 quibus
647 384 662 400 a
687 382 729 400 me
752 371 955 400 commendatus

85 426 204 446 advenerat
239 420 416 456 fueras,nihil
434 419 574 458 acceperis,
585 425 672 446 tamen
694 428 727 446 ex
751 424 841 446 nostro
865 416 956 445 studio

86 463 144 477 '¹¹⁰⁰
161 454 215 486 4⁰4⁴
239 465 375 503 animique
390 463 584 504 promtitudine
598 474 653 491 rem
669 462 814 498 aestimans,
825 463 914 490 omnia
931 469 956 490 te

91 1899 177 1920 Cucuso
198 1906 237 1919 nn—

92 1937 122 1951 ¹10

239 511 370 550 accepisse
382 509 527 538 existimes.
537 510 571 537 At
583 519 630 537 nos
640 508 691 537 hoc
706 508 816 536 minime
826 508 890 536 satis
901 518 956 537 esse

239 552 368 584 ducemus
380 564 489 584 :verum
500 560 525 582 et
538 564 599 582 cum
613 553 722 582 domino
736 564 793 581 meo
810 553 955 582 Theodoro

238 601 410 640 praetoriano,
427 599 474 638 qui
490 600 626 628 Cucusum
652 609 699 627 nos
721 599 823 636 avexit,
840 599 956 627 multum

238 646 272 675 de
283 647 332 674 hac
344 656 372 674 re
386 656 534 674 sermonem
544 645 693 673 habuimus
706 657 711 672 :
724 651 750 673 ct
761 655 823 673 cum
837 644 873 673 ad
888 645 956 673 mul-

239 700 278 721 tos
298 692 485 728 scriberemus,
508 691 560 719 hoe
584 701 691 729 quoque
712 690 778 730 ipsis
797 701 844 730 per
867 690 957 719 literas

239 737 437 766 mandavimus.
454 736 638 772 Quamobrem
658 736 716 764 sive
734 736 837 764 fructus
857 735 957 774 aliquis

239 793 273 812 ex
294 782 391 810 nostris
413 782 497 810 literis
516 781 628 818 oriatur,
639 781 695 809 sive
714 781 797 809 literae
816 780 959 809 dumtaxat

239 829 322 857 literae
333 834 465 864 maneant,
475 838 522 856 nec
534 826 605 866 apud
617 837 671 859 eos,
681 837 695 854 a
706 826 806 864 quibus
819 826 958 865 accipiun-

241 881 296 911 tur,
314 873 460 912 quidquam
476 872 627 912 proficiant,
643 882 718 906 cura,
733 878 761 900 ut
775 871 803 899 id
817 871 957 910 quampri-

240 930 316 948 mum
335 919 491 957 intelligam.
507 918 615 946 Etenim
637 918 664 946 in
686 917 736 946 hoc.
755 927 861 955 quoque
882 924 958 946 tuum

238 976 301 1003 erga
323 976 370 993 nos
397 975 514 993 amorem
539 963 662 1002 inprimis
690 962 866 997 admiramur,
883 969 959 1000 teque

240 1011 305 1039 item
318 1010 351 1039 de
368 1017 458 1039 nostro
472 1020 534 1048 erga
553 1016 578 1037 te
593 1019 682 1037 amore
696 1008 806 1037 minime
820 1008 956 1044 dubitare,

240 1056 360 1084 maximo
381 1062 538 1094 argumento
555 1054 583 1082 id
602 1065 656 1082 esse
676 1054 813 1090 ducimus,
832 1053 905 1092 quod
925 1053 958 1081 de

240 1102 283 1130 his
299 1102 378 1130 rebus
393 1101 425 1129 ad
445 1112 492 1129 nos
508 1101 590 1129 verba
611 1100 701 1129 facias.
715 1100 804 1134 Quare
820 1099 878 1127 sive
893 1098 958 1137 quid

240 1147 303 1175 hinc
315 1146 449 1176 commodi
463 1153 613 1186 promanet,
624 1146 681 1174 sive
695 1145 762 1174 nibil
775 1145 877 1173 fructus
892 1155 958 1184 pro-

239 1192 385 1229 ficiscatur,
403 1193 443 1220 fac
463 1192 545 1220 sciam
561 1204 566 1219 :
583 1199 612 1220 ut
628 1192 649 1220 si
666 1191 733 1230 quid
746 1192 896 1230 profectum
912 1191 956 1227 sit,

240 1238 272 1266 iis
295 1238 393 1277 gratias
417 1238 530 1266 habeam
547 1237 593 1276 qui
615 1237 648 1266 dc
666 1237 760 1276 seipsis
783 1237 849 1264 bene
869 1235 957 1264 mvi-iti

239 1283 352 1319 suerint;
367 1283 419 1311 sibi
440 1283 511 1311 enim
538 1283 623 1321 magis
646 1292 727 1321 quam
750 1282 811 1317 tibi,
828 1292 888 1309 eum
908 1281 957 1309 hoc

239 1329 351 1364 faciunt,
371 1329 536 1367 largiuntur;
556 1328 597 1356 sin
622 1338 706 1363 secus,
729 1327 959 1367 compendiariam

239 1374 384 1412 quamdam
394 1386 423 1403 ac
431 1374 621 1413 procliviorem
630 1373 702 1402 viam
710 1380 734 1401 et
743 1373 872 1401 rationem
881 1383 959 1400 exco-

240 1419 366 1457 gitemus,
383 1431 435 1457 qua
456 1419 661 1448 consolationem
687 1418 796 1446 omnino
816 1418 958 1457 percipias,

241 1474 289 1492 nce
300 1465 357 1502 jam
373 1464 399 1492 in
415 1464 469 1491 ulla
484 1463 608 1501 angustia
624 1463 751 1501 deinceps
761 1462 959 1491 verseris.Nam

240 1509 275 1538 de
291 1509 433 1548 nobisipsis
448 1510 547 1548 optime
563 1508 734 1545 merebimur,
751 1518 811 1536 cum
827 1518 960 1546 generosae

240 1562 320 1592 atque
338 1555 458 1593 ingenuae
471 1554 566 1582 animae
584 1561 636 1582 tuae
652 1564 743 1582 curam
758 1553 794 1580 ita
808 1553 959 1592 susceperi-

241 1610 312 1628 mus.
329 1600 420 1629 Velim
441 1598 476 1627 ad
497 1610 544 1627 uos
563 1610 644 1637 quam
676 1598 823 1637 §sepissime
846 1598 958 1635 scribas,

242 1656 341 1684 nosque
363 1645 397 1674 de
420 1652 465 1673 tua
482 1644 636 1673 valetudine
657 1644 825 1682 nominisque
840 1643 878 1672 tui
893 1644 959 1672 cele-

242 1691 340 1720 britate
354 1691 479 1720 certiores
493 1690 584 1719 facias.

460 1791 564 1819 CXVI.
584 1790 750 1818 Valentino.

287 1882 424 1918 Quidnam
441 1881 492 1910 hoc
510 1881 569 1910 est?
583 1881 695 1917 Siccine,
711 1891 773 1909 cum
788 1887 915 1919 quantam
929 1891 962 1909 ex

178 1931 234 1958 4⁰4»
247 1929 299 1959 tuis
316 1928 393 1956 bonis
413 1927 578 1966 voluptatem
599 1927 746 1965 capiamus,
760 1937 894 1964 quamque
910 1926 963 1954 tuis

247 1975 372 2004 laudibus
384 1981 409 2002 et
418 1974 501 2012 gloria
513 1972 775 2011 exsultemus,pr0be
785 1972 874 2008 scires,
886 1982 963 2000 cum-

246 2032 297 2059 que
311 2020 391 2049 etiam
405 2026 465 2047 ante
477 2019 565 2047 omnia
578 2029 611 2047 ex
624 2025 670 2046 tuo
685 2018 774 2046 officio
790 2025 866 2053 essct,
879 2018 962 2046 hono-

246 2067 282 2094 ris
302 2066 383 2100 illius,
396 2064 430 2093 ad
442 2075 520 2103 quem
536 2074 606 2092 nunc
620 2070 727 2092 evectus
747 2073 783 2100 es,
794 2063 963 2102 magnitudi-

245 2122 306 2140 nem
319 2111 395 2139 nobis
407 2121 454 2149 per
468 2110 558 2138 literas
573 2109 733 2148 significare,
744 2116 773 2137 tu
785 2116 884 2143 tamen,
895 2116 924 2137 ut
936 2109 963 2137 id

245 2156 320 2196 prius
332 2156 366 2184 ab
381 2155 442 2183 aliis
462 2155 682 2193 intelligeremus,
696 2154 860 2191 sustinuisti,
880 2165 965 2192 neque

245 2202 324 2240 longa
332 2201 380 2229 tibi
392 2200 426 2228 ad
433 2211 491 2228 eam
504 2211 559 2228 rem
567 2199 727 2239 purgatione
735 2211 802 2239 opus
813 2211 867 2228 esse
877 2207 964 2239 putas,

625 123 763 146 JOANMS
790 122 970 145 CHRYSOST.
1000 123 1156 146 ARCfflEF.

1185 124 1246 146 CON
1253 124 1311 146 STA
1318 124 1439 147 NTINOP
1446 139 1452 146 .

1199 237 1253 276 ριε’.
1276 238 1398 278 Θεοφίλῳ
1417 237 1593 278 πρεσδυτέρῳ.

1052 329 1106 358 Καὶ
1122 331 1198 358 τοῦτο
1209 332 1256 365 τ’ἧς
1272 330 1469 368 εὐγνωμοσύνης
1480 353 1487 366 ,
1500 331 1545 359 καὶ
1564 331 1612 364 τῆς
1631 331 1678 364 σῆς
1699 330 1779 368 εὔχα-

1015 375 1101 414 ρίστου
1117 387 1162 403 σου
1180 375 1301 413 γνώμης,
1312 376 1342 404 τὸ
1364 376 1473 414 μηδενὸς
1484 375 1683 404 ἀπολελαυκότα
1707 374 1780 414 παρὰ

1012 421 1125 456 τούτων,
1140 417 1177 453 οἷς
1192 433 1219 450 σε
1231 421 1482 459 παρακατεθέμεθα,
1495 422 1524 450 τὸ
1543 426 1594 449 πᾶν
1608 419 1780 458 ἀπειληφέναι

1013 465 1125 502 νομίζειν
1148 466 1200 494 ἀπὸ
1220 468 1267 501 τῆς
1289 466 1418 506 ἡμετέρας
1433 466 1588 505 προθυμίας.
1613 465 1681 494 Ἀλλ’
1704 467 1781 502 ἡμεῖς

1014 512 1059 539 οὐκ
1075 510 1290 550 ἀρκεσθησόμεθα
1311 511 1410 550 τούτῳ,
1423 511 1490 540 ἀλλὰ
1510 512 1555 540 καὶ
1573 513 1610 550 τῷ
1625 510 1706 549 κυρίῳ
1731 521 1780 547 μου

1013 556 1143 595 Θεοδώρῳ
1158 558 1195 596 τῷ
1215 557 1368 596 ε’παρχικῷ,
1389 559 1426 596 τῷ
1448 557 1571 596 ἀγαγόντι
1592 559 1662 594 ἡμᾶς
1677 557 1712 587 εἷς
1733 555 1782 589 τὴν

1014 603 1178 639 Κουκουσὸν,
1205 603 1290 632 πολλὰ
1316 603 1410 638 ταύτης
1436 603 1520 632 ἕνεκεν
1545 603 1714 641 διελέχθημεν
1734 602 1783 635 τ’ἧς

1013 648 1174 683 ὑποθέσεως,
1198 649 1242 677 καὶ
1269 650 1374 681 πολλοῖς
1402 649 1596 680 ἐπιστέλλοντες
1622 647 1667 676 καὶ
1698 649 1781 675 ταῦτα

1013 695 1225 732 ἓπεστοίλκαμεν.
1236 694 1298 722 ι’Ἄν
1310 706 1338 722 τε
1348 698 1408 733 γοῦν
1419 693 1526 733 γένηταί
1535 706 1561 722 τι
1572 693 1623 722 ἀπὸ
1634 694 1685 721 τῶν
1696 704 1781 732 γραμ-

1014 740 1104 778 μάτων
1122 740 1199 769 πλέον
1221 741 1272 768 τῶν
1287 740 1431 778 ἡμετέρων,
1448 739 1478 768 ἄν
1502 751 1530 768 τε
1552 739 1698 778 γράμματα
1716 738 1780 776 μένῃ

1015 786 1091 824 μόνον
1116 785 1149 814 τὰ
1174 785 1340 824 γράμματα,
1367 784 1447 823 μηδὲν
1471 784 1603 813 ἀνύσαντα
1629 782 1701 822 παρὰ
1728 787 1781 815 τοῖς

1014 831 1215 870 ἀποδεχομένοις
1228 830 1307 865 αὐτὰ,
1320 830 1362 859 διὰ
1379 830 1481 869 ταχέων
1494 833 1558 868 ἡμῖν
1569 830 1686 864 δηλῶσαι
1700 828 1782 857 σπού-

1015 877 1101 906 δασον.
1118 877 1170 905 Καὶ
1188 876 1238 915 γὰρ
1256 879 1281 906 ἐν
1294 876 1376 916 τούτῳ
1399 877 1515 914 μάλιστα
1539 875 1586 911 τὴν
1606 876 1712 914 ἀγάπην
1736 887 1782 903 σου

1015 922 1197 960 θαυμάζομεν,
1212 922 1256 950 καὶ
1279 925 1323 950 τοῦ
1342 924 1444 962 θαῤῥεῖν
1470 924 1533 960 ἡμῖν
1556 923 1633 950 τοῦτο
1658 921 1781 960 μέγιστον

1014 968 1158 1006 ποιούμεθα
1174 971 1292 1005 σημεῖον,
1303 968 1332 996 τὸ
1355 968 1399 996 καὶ
1421 968 1481 1006 περὶ
1503 967 1601 995 τούτων
1613 970 1676 1005 ἡμῖν
1693 966 1781 994 διαλέ-

1014 1016 1113 1052 γεσθαι.
1126 1013 1251 1048 Δήλωσον
1271 1013 1355 1041 τοίνυν
1370 1016 1433 1051 ἡμῖν
1448 1013 1478 1041 ἄν
1489 1025 1517 1041 τε
1531 1012 1638 1051 γένηταί
1653 1024 1679 1040 τι
1692 1012 1782 1048 πλέον,

1015 1059 1045 1087 ἄν
1071 1071 1099 1087 τε
1127 1058 1217 1096 μηδὲν,
1242 1058 1272 1086 ἵν’
1295 1058 1326 1086 ἂν
1345 1058 1392 1096 μὲν
1409 1058 1438 1086 τὸ
1463 1058 1587 1098 πρότερον
1615 1053 1649 1096 ᾗ,
1671 1058 1782 1096 χάριτας

1014 1104 1218 1142 ὁμολογήσωμεν
1241 1109 1294 1135 τοῖς
1318 1103 1365 1138 τὴν
1389 1105 1486 1132 ἑαυτῶν
1508 1103 1656 1142 ὠφεληκόσι
1680 1101 1782 1141 ψυχήν·

1014 1152 1114 1182 ἑαυτοῖς
1139 1149 1189 1188 γὰρ
1212 1151 1310 1187 μᾶλλον
1328 1149 1344 1183 ἢ
1361 1149 1400 1178 σοὶ
1415 1152 1567 1189 χαριοῦνται
1591 1151 1667 1177 τοῦτο
1680 1151 1781 1176 ποιοῦν-

1014 1208 1068 1228 τες·
1083 1196 1113 1224 οἷν
1126 1207 1153 1223 τε
1173 1195 1202 1223 τὸ
1226 1195 1360 1234 δεύτερον,
1384 1195 1473 1233 ἑτέραν
1496 1195 1554 1223 τινὰ
1574 1193 1632 1222 ὁδὸν
1654 1193 1781 1231 σύντομον

1015 1241 1059 1270 καὶ
1075 1241 1252 1279 εὐκολωτέραν
1266 1241 1456 1278 ἐπινοήσωμεν,
1480 1241 1512 1268 δι’
1530 1236 1561 1274 ἧς
1578 1239 1682 1272 πάντως
1695 1239 1782 1273 πάσης

1015 1286 1153 1324 ἀπολαύσῃ
1180 1286 1360 1325 παραμυθίας,
1375 1288 1409 1319 ὡς
1424 1287 1449 1314 ἐν
1466 1286 1583 1323 μηδεμιᾷ
1608 1280 1672 1313 εἶναι
1695 1295 1783 1313 στενο-

1015 1334 1110 1373 χωρίᾳ.
1135 1333 1215 1371 Ἡμῖν
1234 1333 1284 1373 γὰρ
1304 1334 1390 1365 αὐτοῖς
1409 1332 1442 1360 τὰ
1467 1331 1579 1370 μέγιστα
1604 1330 1780 1370 χαριούμεθα,

1015 1381 1061 1413 τ’ἧς
1082 1380 1198 1417 εὐγενοῦς
1224 1390 1269 1407 σου
1296 1378 1338 1406 καὶ
1367 1377 1500 1416 ἐλευθέρας
1520 1376 1586 1405 οὕτω
1606 1376 1782 1415 φροντίζοντες

1016 1426 1113 1463 ψυχῆς.
1128 1424 1180 1452 Καὶ
1195 1423 1277 1462 γράφε
1293 1425 1408 1462 συνεχῶς
1422 1426 1485 1460 ἡμῖν
1496 1445 1503 1457 ,
1519 1422 1551 1450 τὰ
1565 1421 1625 1460 περὶ
1639 1423 1685 1455 τῆς
1695 1421 1782 1460 ὑγείας

1017 1472 1064 1505 τῆς
1076 1472 1138 1506 σ’ἧς,
1154 1469 1198 1498 καὶ
1215 1471 1259 1504 τῆς
1273 1469 1463 1506 εὐδοκιμήσεως
1477 1467 1712 1506 εὐαγγελιζόμενος.

1284 1788 1344 1828 ρις’.
1366 1789 1523 1827 Βαλεντίνῳ.

1059 1879 1094 1908 Τί
1115 1882 1205 1914 τοῦτο;
1218 1878 1302 1910 Εἰδὼς
1317 1878 1386 1910 ὅπως
1397 1890 1442 1907 σου
1456 1878 1582 1917 χαίρομεν
1598 1882 1650 1910 τοῖς
1662 1880 1766 1916 ἀγαθοῖς
1776 1901 1783 1913 ,

1019 1926 1064 1955 καὶ
1077 1928 1224 1965 σκιρτῶμεν
1238 1924 1280 1953 ἐπὶ
1296 1929 1352 1957 ταῖς
1369 1929 1425 1956 σαῖς
1439 1924 1620 1962 εὐδοκιμήσεσι
1631 1947 1638 1960 ,
1664 1924 1708 1952 καὶ
1734 1924 1785 1964 πρὸ

1019 1973 1124 2001 πάντων
1141 1971 1250 2010 ὀφείλων
1266 1973 1330 2008 ἡμῖν
1341 1971 1459 2005 δηλῶσαι
1472 1971 1519 2003 τῆς
1530 1972 1608 2008 τιμῆς
1621 1970 1650 1998 τὸ
1666 1969 1785 2008 μέγεθος,

1020 2018 1083 2050 εἷςὸ
1106 2020 1148 2046 νῦν
1162 2016 1268 2051 ἀνέὸης,
1291 2015 1455 2053 ἐὑπέμεινας
1481 2017 1552 2052 ἡμᾶς
1574 2014 1698 2054 πρότερον
1723 2016 1785 2054 παρ’

1020 2063 1113 2102 ἑτέρων
1130 2064 1220 2100 μαθεῖν
1247 2064 1338 2095 τοῦτο,
1365 2061 1409 2089 καὶ
1432 2062 1460 2089 οὐ
1486 2061 1596 2098 νομίζεις
1623 2061 1721 2090 δεῖσθαί
1746 2072 1786 2090 σοι

1021 2110 1120 2143 πολλῆς
1136 2109 1171 2140 εἷς
1185 2110 1261 2136 τοῦτο
1277 2106 1433 2145 ἀπολογίας,
1455 2106 1495 2134 δ’τι
1510 2107 1638 2145 ἠνέσΑου,
1655 2106 1685 2135 τό
1698 2118 1727 2145 γε
1742 2106 1786 2134 σὸν

1023 2155 1100 2194 μέρος
1112 2177 1119 2189 ,
1132 2157 1252 2182 τοσοῦτον
1267 2152 1359 2192 χρόνον
1383 2154 1453 2190 ἡμᾶς
1478 2153 1610 2190 ζημιῶσαι
1631 2151 1787 2190 εὐφροσύνης

1023 2201 1128 2238 μέγεθος
1158 2201 1326 2235 τηλικοῦτον,
1350 2198 1389 2227 Τὸ
1414 2198 1460 2236 μὲν
1489 2197 1539 2236 γὰρ
1566 2197 1669 2235 ἀξίωμά
1690 2210 1735 2226 σου
1757 2197 1787 2226 τὸ

246 2247 319 2286 quod
339 2253 468 2285 quantum
481 2245 590 2283 quidem
614 2246 641 2274 iu
656 2252 681 2274 te
697 2246 760 2284 fuit,
776 2252 849 2274 tanta
865 2245 966 2274 laetitiae
979 2266 1014 2285 555
1023 2245 1132 2280 ἀληθὲς,
1146 2244 1190 2273 καὶ
1212 2246 1228 2278 ἡ
1257 2242 1367 2281 μεγίστη
1390 2254 1434 2271 σου
1459 2243 1528 2281 ἀρχὴ
1541 2266 1548 2279 ,
1570 2244 1617 2277 τῆς
1635 2243 1721 2281 ψυχῆς
1742 2242 1788 2270 σού

247 2291 433 2331 magnitudine
454 2291 556 2319 iamdiu
570 2301 616 2319 nos
632 2301 721 2320 carere
733 2302 825 2330 passus
837 2292 884 2319 esi.)
898 2292 967 2320 Nam
988 2295 1006 2316 Λ
1023 2293 1092 2321 ἐστιν
1113 2293 1130 2325 ἡ
1153 2290 1241 2329 ἀρετή.
1257 2289 1324 2318 Ἀλλ’
1344 2288 1434 2323 ἐπειδὴ
1456 2289 1501 2317 καὶ
1526 2288 1625 2321 τούτοις
1643 2293 1696 2321 τοῖς
1719 2290 1787 2327 βιω-

248 2349 311 2367 vera
321 2337 430 2376 quidem
441 2343 486 2364 tua
495 2335 613 2374 dignitas
624 2343 648 2363 et
660 2336 810 2364 maximum
821 2336 965 2376 imperium

248 2383 331 2412 animi
351 2383 437 2411 virtus
460 2388 508 2410 est.
526 2383 629 2411 Verum
654 2381 782 2419 quoniam
799 2382 842 2410 his
861 2393 968 2421 quoque

283 2466 295 2484 b
313 2465 374 2488 Tres
387 2465 445 2488 MSS.
459 2468 486 2488 ἅν
498 2474 522 2488 τε
535 2463 572 2488 οὖν
583 2465 674 2494 γένηταί
686 2474 707 2488 τι
720 2465 795 2488 πλέον.

283 2511 292 2521 c
310 2502 411 2527 Coisliu.
432 2505 549 2534 ὑπέμεινας
564 2503 618 2534 παρ’
635 2503 717 2535 ἑτέρων
735 2505 793 2533 ἡμᾶς
814 2506 923 2535 πρότερον
942 2505 1007 2527 τοῦτο

1023 2341 1104 2369 τικοῖς
1130 2337 1166 2368 εἷς
1187 2335 1234 2369 τὴν
1256 2334 1355 2369 ἐκείνης
1379 2334 1506 2372 ὠφέλειαν
1529 2336 1674 2373 κεχρῆσθαι
1700 2345 1786 2372 μεμε-

1024 2382 1152 2418 λέτηκας,
1174 2380 1219 2409 καὶ
1238 2380 1292 2419 ὅσῳ
1314 2379 1343 2408 ἂν
1368 2379 1428 2418 γένῃ
1455 2379 1649 2418 δυνατώτερος,
1674 2378 1787 2418 τοσούτῳ

1034 2467 1127 2494 μαθεῖν’
1141 2464 1232 2494 &Bestia
1245 2472 1276 2487 σοι
1289 2466 1399 2494 πρόῐασις
1409 2463 1537 2491 ἀπολογίας.
