1843 2810
245 174 315 209 618
554 188 582 209 S.
610 187 749 211 JOANNIS
776 188 956 211 CHRYSOST.
986 188 1142 212 ARCHIEP.
1171 190 1437 214 CONSTANTINOP-

283 250 309 277 5.
332 250 416 278 Porro
431 259 478 278 nos
489 272 498 288 ,
517 255 607 289 utpote
624 250 789 279 conscientiae
809 258 903 279 nostrae
921 252 953 279 fi·
1044 250 1112 278 Ἀλλ’
1127 252 1203 288 ἡμεῖς
1217 252 1274 281 οὐδὲ
1292 252 1373 285 οὕτως
1386 253 1510 290 ἔστημεν,
1529 252 1571 281 διὰ
1592 253 1621 282 τὸ
1636 255 1673 292 τῷ
1689 265 1773 283 συνει-

242 293 352 331 dentes,
374 305 427 323 non
442 302 580 334 propterea
596 295 762 333 destitimus,
789 295 835 324 sed
861 296 954 324 eadem
1005 295 1060 324 δότι
1079 298 1181 336 Θαῤῥεῐν
1195 298 1232 335 τῷ
1250 297 1386 337 ἡμετέρῳ,
1404 298 1437 326 τὰ
1462 298 1527 327 αὐτὰ
1551 298 1630 327 πάλιν
1647 311 1773 339 παρακα-

242 339 339 368 iterum
353 352 368 369 a
390 341 589 379 religiosissimo
614 342 777 380 Imperatore
800 341 953 380 petivimus.
1004 342 1108 373 λοῧντες
1121 341 1163 369 τὸν
1175 342 1357 371 εὔσεὸέστατον
1371 343 1490 381 βασιλέα.
1505 343 1555 376 ζ’ος
1567 344 1611 372 καὶ
1623 344 1774 382 πρεπόντιι)ς

241 385 296 419 Qui
310 392 336 414 et
351 396 400 425 plo
415 397 461 414 sua
476 386 573 425 pietate
588 386 676 414 missis
691 385 725 414 ad
741 386 819 414 illum
834 387 952 421 nuntiis,
1007 387 1084 415 αὐτοῦ
1096 388 1179 415 ποιῶν,
1191 389 1228 426 τῷ
1239 388 1357 428 εὖσεὸεία
1367 411 1374 423 ,
1389 389 1490 428 ἔπεμψε
1516 389 1580 428 πρὸς
1603 389 1679 418 αὐτὸν
1694 391 1774 419 πάλιν

240 441 301 460 eum
314 454 322 469 ,
348 438 373 460 et
393 443 483 460 omnes
499 432 545 470 qui
560 443 620 460 cum
643 442 673 460 eo
692 438 775 470 er,ant
790 443 824 460 ex
837 432 886 460 AEe
873 439 956 472 gypto
1005 433 1094 460 καλῶν
1111 432 1186 461 αὐτὸν
1203 432 1228 465 ἐξ
1240 433 1390 471 Αἰγύπτου,
1402 433 1518 466 καὶτοὺς
1534 437 1590 472 μετ’
1608 436 1685 463 αὐτοῦ
1707 435 1774 463 πάν-

238 477 366 515 vocavit,
380 485 409 506 ut
420 478 548 506 rationein
556 478 685 506 factomm
698 477 854 506 redderent.
870 488 954 516 neque
1005 488 1066 513 τας,
1084 477 1151 506 ὥστε
1176 479 1263 506 δοῦναι
1286 478 1360 516 λόγον
1383 481 1433 507 τῶν
1448 480 1636 518 γεγενημένων,
1651 480 1663 496 ¹³
1675 481 1719 509 καὶ
1735 480 1772 518 μὴ

237 530 362 562 putarent
376 534 405 552 ca
423 534 481 562 quse
496 523 546 562 ipsi
559 533 611 551 una
623 523 710 551 solum
725 530 853 562 praesente
865 531 951 562 parte,
1004 522 1037 551 τὰ
1049 523 1144 555 ἀδίκως
1156 523 1236 556 οὕτως
1250 525 1279 552 ἐκ
1301 529 1364 561 μιᾶς
1387 525 1492 563 μοίρας,
1506 526 1550 554 καὶ
1565 526 1683 554 ἀπόντων
1696 529 1772 563 ἡμῶν

238 569 367 607 nobisque
376 569 528 597 absentibus
537 575 627 596 contra
638 579 750 597 canones
761 568 859 607 injuste
869 575 952 597 atten-
968 573 986 595 C
1003 568 1167 606 τολμηθέντα
1176 591 1183 604 ,
1200 569 1244 597 καὶ
1270 569 1343 608 παρὰ
1368 570 1501 602 τοσούτους
1523 571 1631 603 κανόνας
1640 593 1647 605 ,
1658 571 1771 609 νομίζειν

237 620 337 650 tarant,
347 625 401 643 esse
413 614 463 642 sibi
482 613 516 641 ad
528 613 714 652 purgationem
732 614 805 642 satis.
821 615 854 642 At
870 614 951 652 regiis
1002 615 1091 652 ἀρκεῖν
1106 616 1141 647 εἰς
1156 615 1299 653 ἀπολογίαν
1314 616 1409 654 ἑαυτῷ.
1433 615 1466 644 Ὁ
1489 616 1514 644 δὲ
1529 616 1586 645 οὐδὲ
1601 618 1652 645 τῶν
1668 618 1771 655 βασιλι-

235 657 320 687 literis
336 659 382 687 ille
394 669 446 687 non
457 657 668 697 obtemperavit,
685 657 731 687 sed
744 658 818 687 domi
831 659 946 698 mansit,
1000 663 1052 689 κῶν
1074 661 1199 699 ἠνέσχετο
1221 660 1386 700 γραμμάτων
1397 683 1404 695 ,
1429 661 1486 689 ἀλλ’
1499 661 1587 699 ἔμενεν
1607 662 1689 697 οἴκοι,
1705 674 1771 701 προ-

236 710 383 742 praetexens
394 704 550 732 seditionem
558 703 652 742 populi
663 726 672 741 ‚
684 703 804 732 studium
819 704 948 734 nimirum
999 706 1159 744 Θαλλόμενος
1177 706 1268 735 στάσιν
1289 709 1333 734 τοῦ
1350 706 1433 743 δήμου
1443 728 1450 740 ,
1477 707 1521 734 καὶ
1535 707 1649 742 σπουδὴν
1662 708 1769 746 ἄκαιρόν

234 751 414 788 quoiumdam
433 751 670 790 intempestivum,
694 751 741 790 qui
763 752 786 780 ei
800 752 844 781 sav
839 752 946 790 ebant;
998 763 1074 780 τινων
1088 753 1163 786 δῆθεν
1179 751 1359 791 ἀντεχομένων
1380 753 1474 780 αὐτοῦ·
1494 752 1579 780 καίτοι
1593 763 1623 790 γε
1645 752 1696 791 πρὸ
1717 755 1768 781 τῶν

233 797 336 825 tametsi
353 797 469 836 populus
480 797 535 825 illic
551 807 656 835 quoque
670 803 731 825 ante
745 797 836 825 literas
852 808 918 826 conv
923 797 947 826 i-
997 797 1163 836 γραμμάτων
1175 799 1226 825 τῶν
1244 798 1387 835 βασιλικῶν
1403 797 1476 829 αὐτὸς
1489 793 1562 829 οὗτος
1585 800 1597 825 ὁ
1625 798 1706 835 δῆμος
1721 809 1769 834 μυ-

231 841 279 870 ciis
290 853 350 871 eum
363 842 689 882 innulnerisploscideiffat
701 843 868 872 Verumhaec
877 854 947 872 nunc
999 842 1065 881 ρίαις
1078 843 1174 871 ‘uffa-:bv
1197 838 1228 877 ἦν
1253 842 1350 874 πλύνας
1379 841 1528 880 λοιδορίαις.
1550 842 1619 871 Ἀλλ’
1634 844 1662 871 οὐ
1686 846 1768 871 ταῦτα

230 894 322 916 exacte
349 888 475 928 prosequi
511 888 635 917 nolumus
646 910 655 925 ,
680 887 727 916 sed
750 887 807 916 haec
841 895 945 917 tantum
996 888 1220 927 περιεργαζόμεθα
1238 891 1296 923 νῦν,
1312 888 1369 915 ἀλλ’
1386 889 1467 916 ἐκεῖνο
1493 887 1573 920 δεῖξαι
1599 888 1768 926 βουλόμενοι,

229 933 331 963 ideirco
342 934 507 971 diximus,ut
519 945 579 962 eum
592 934 619 962 in
630 933 738 962 nefariis
747 934 886 963 conatibus
900 934 945 963 de·
996 933 1035 962 ὅτι
1059 936 1209 972 κακουργῶν
1235 934 1373 972 ἀπελήφθη
1384 956 1391 968 ,
1411 936 1493 961 ταῦτα
1518 933 1677 993 εἰρηικαμεν.
1691 934 1768 989 Πλῦγν

228 980 389 1019 prehensum
399 981 604 1009 ostenderemus.
620 981 713 1018 Itaque
723 990 829 1008 nosnon
843 980 945 1018 quievi·
996 979 1052 1007 οὐδὲ
1072 979 1139 1017 μετὰ
1162 991 1244 1008 ταυτα
1268 981 1344 1017 ἡμεῖς
1371 978 1557 1017 ἡσυχάσαμεν,
1569 978 1648 1008 “’ἀλ’λ
1666 979 1768 1008 ἐπεχεί-

227 1036 302 1063 mus,
319 1026 403 1054 sedin
417 1026 467 1054 hoc
477 1026 665 1063 incubuimus,
679 1033 783 1054 orantes
796 1027 945 1065 Imperato-
996 1029 1062 1063 μεΟα
1077 1024 1106 1053 ἀῖ
1096 1028 1204 1058 ,ιοιὶντες
1222 1024 1388 1064 δικαστήριον
1403 1036 1459 1062 γενε
1449 1024 1521 1052 έσΟαι
1536 1024 1605 1053 κατὰ
1618 1036 1707 1053 πευσιν
1723 1025 1768 1053 καὶ

227 1081 282 1099 rem
293 1093 301 1107 ,
319 1077 348 1099 ut
368 1071 512 1099 baberetur
530 1071 665 1110 judicium
679 1093 686 1107 ,
712 1071 739 1099 in
754 1082 806 1109 quo
823 1082 902 1110 agere
919 1079 943 1100 et
995 1071 1151 1110 ἀπόκρισιν
1163 1070 1263 1108 ε’τοιιιοι
1285 1083 1336 1110 γαρ
1354 1073 1420 1098 εἰναι
1435 1070 1557 1108 ἐλέγομεν
1570 1070 1650 1103 δεῖξαι
1662 1071 1768 1104 ἑαυτούς

226 1116 385 1155 respondere
397 1117 505 1144 liceret:
521 1116 677 1145 dicebamus
693 1116 764 1145 enim
778 1128 824 1145 uos
837 1124 942 1156 paratos
959 1124 978 1147 D
994 1130 1022 1146 τε
1033 1118 1182 1149 ἀνευθύνους
1204 1117 1247 1146 ὄντ
1250 1129 1293 1151 ας,
1316 1116 1426 1149 ἐκείνους
1442 1116 1468 1145 δὲ
1487 1117 1520 1145 τὰ
1537 1117 1637 1156 ἔσχατα
1652 1128 1768 1155 παρανο-

225 1161 259 1190 ad
271 1162 465 1190 ostendendum
481 1173 527 1190 nos
542 1173 593 1191 non
607 1173 662 1191 esse
675 1173 732 1191 reos
743 1185 752 1199 ,
767 1162 815 1191 sed
831 1163 891 1191 illos
905 1163 942 1192 lc·
995 1163 1138 1201 μησαντας.
1158 1163 1210 1192 Καὶ
1224 1162 1274 1201 γὰρ
1295 1158 1361 1197 ἦσάν
1377 1174 1443 1194 τινες
1458 1162 1537 1201 Σύροι
1561 1164 1611 1190 τῶν
1630 1174 1692 1191 ποτε
1709 1165 1765 1200 μετ’

224 1217 288 1244 gum
298 1215 428 1236 extremos
438 1215 650 1246 transgressores.
662 1208 746 1236 Erant
756 1215 845 1237 autem
856 1209 941 1237 relicti
996 1209 1072 1238 αὐτοῦ
1095 1209 1242 1247 παρόντων,
1258 1210 1368 1237 ἐνταῧΟα
1393 1208 1606 1247 ἀπολειφθέντες,
1622 1210 1632 1222 ²
1642 1207 1667 1236 οἳ
1693 1210 1766 1246 κοινῇ

224 1253 269 1281 hic
279 1254 353 1293 Syri,
370 1255 415 1292 qui
427 1265 487 1283 cum
503 1265 532 1283 eo
545 1255 687 1292 assuerant,
698 1261 797 1283 etcum
811 1255 858 1283 illo
871 1266 941 1284 com·
995 1255 1051 1292 μετ’
1069 1256 1145 1282 αὐτοῦ
1171 1254 1201 1283 τὸ
1223 1259 1274 1282 πᾶν
1294 1253 1419 1292 ἔδρασαν·
1436 1253 1481 1282 καὶ
1505 1253 1646 1292 προσίεμεν
1665 1253 1766 1290 ἕτοιμοι

224 1299 340 1327 munitor
353 1299 441 1328 omnia
455 1299 587 1336 fecerant;
598 1300 634 1328 ad
647 1301 696 1329 hos
710 1301 869 1330 accessimus
880 1324 888 1339 ,
905 1301 941 1330 ad
995 1299 1159 1333 δικάζεσθαι,
1175 1299 1220 1328 καὶ
1236 1299 1362 1330 πολλάκις
1376 1299 1569 1337 ἠνωχλῆσαμέν
1582 1298 1646 1337 ὑπὲρ
1657 1298 1765 1334 τούτου,

224 1343 342 1372 dandam
354 1345 482 1374 rationem
496 1345 592 1384 parati,
609 1352 688 1383 atque
700 1356 818 1384 superea
833 1356 861 1374 re
871 1357 941 1385 saepe
994 1344 1124 1378 ἀξιοῦντες
1138 1345 1171 1373 τὰ
1186 1344 1364 1382 ὑπομνήματα
1384 1346 1446 1382 ἡμῖν
1462 1344 1580 1379 δοΟῆναι,
1599 1344 1615 1378 ἢ
1631 1344 1766 1377 λιίέλλους

223 1399 266 1417 eos
281 1389 755 1428 interpellavimus,obsecrantesut
765 1391 940 1429 dignarentur
993 1393 1172 1429 κατηγοριῶν,
1197 1389 1214 1424 ἢ
1238 1389 1313 1429 φύσιν
1338 1389 1509 1444 ἐγκληματιιιν
1534 1391 1725 1428 γνιι)ρισθ’ἧναι,
1748 1389 1765 1424 ἢ

223 1433 300 1462 nobis
315 1434 420 1463 libellos
432 1441 457 1463 et
467 1435 668 1463 accusationum
679 1442 736 1463 acta
746 1435 825 1472 dare,
840 1437 883 1465 vel
896 1447 941 1476 ge·
994 1436 1085 1468 αὐτους
1105 1435 1162 1468 τοὺς
1177 1435 1351 1474 κατηγόρους
1368 1447 1412 1463 και
1427 1435 1526 1467 οὐοενὸς
1540 1435 1638 1463 τούτων
1653 1436 1764 1474 τετυ-χῆ-

223 1490 272 1508 nus
287 1480 447 1517 eriminum,
465 1480 506 1509 vel
519 1487 682 1509 accusatores
693 1481 763 1520 ipsos
773 1482 939 1520 significare:
992 1493 1061 1520 καμε
1063 1493 1086 1517 ν,
1101 1481 1199 1510 ἁλὶὰτ-
1179 1481 1234 1509 α)
1238 1493 1280 1509 ιν
1271 1480 1447 1518 ἐξεὸλήΟημεν
1459 1482 1506 1514 τῆς
1518 1480 1688 1516 Εκκλησίας.
1702 1483 1765 1513 Πως

222 1536 317 1554 verum
339 1526 407 1554 nihil
429 1526 526 1554 horum
539 1526 758 1565 impetravimus,
774 1527 821 1555 sed
844 1527 941 1555 iterum
993 1528 1022 1556 ἂν
1047 1528 1080 1556 τὰ
1105 1529 1211 1555 ἐντευΟει
1207 1539 1218 1554 ν
1235 1526 1411 1581 διηγησαιμην
1428 1526 1518 1554 λοιπον
1536 1531 1623 1554 πᾶσαν
1636 1526 1764 1566 ὑπερὸαί-

222 1582 256 1600 ex
280 1571 399 1600 Ecclesia
418 1573 494 1611 ejecti
517 1582 617 1601 sumus.
640 1572 782 1607 Quomodo
806 1584 863 1611 quae
878 1581 942 1602 tune
993 1585 1069 1602 νοντα
1089 1572 1251 1611 τραγῳδίαν;
1266 1572 1304 1603 τίς
1321 1583 1403 1600 ταυτα
1415 1583 1581 1611 παραστησει
1594 1571 1684 1609 λόγος;
1701 1583 1764 1600 ποια

224 1625 296 1656 gesta
313 1625 384 1655 sunt,
394 1625 529 1647 etomnem
540 1617 673 1646 excedunt
683 1619 852 1657 tragoediam,
864 1630 940 1648 enar·
958 1629 976 1651 ε
992 1619 1074 1658 χωρὶς
1089 1618 1183 1657 φρίκης
1199 1617 1298 1650 δέξεται
1318 1617 1399 1652 ἀκοή,
1413 1616 1506 1654 Ἥμων
1517 1617 1569 1656 γὰρ
1584 1617 1664 1653 αὐτὰ,
1677 1617 1763 1646 καθά-

225 1663 428 1702 raverim?quis
437 1674 465 1692 ea
477 1674 563 1692 sermo
570 1663 795 1702 explicabiti’qure
804 1665 877 1693 auris
885 1665 940 1693 sine
992 1676 1041 1703 περ
1054 1664 1198 1704 ἔμπροσΟεν
1216 1667 1301 1698 εἷπον,
1317 1662 1512 1701 προτεινόντων,
1529 1662 1619 1701 ἀΟρόον
1635 1675 1764 1703 στρατιω-

112 1718 214 1739 violenia
224 1707 335 1737 horrore
361 1709 514 1748 percipiet?
537 1709 606 1737 Cum
628 1709 699 1737 enim
727 1710 773 1738 illa
798 1720 856 1748 quae
881 1709 939 1738 dixi
992 1713 1043 1739 τῶν
1058 1711 1156 1744 πλῆθος
1171 1711 1240 1738 ‹zon›
1257 1721 1294 1737 τι)
1312 1708 1418 1746 amm,
1442 1708 1580 1747 suetiam-‚2
1594 1708 1657 1746 πρὸς
1680 1708 1762 1737 ἑσπέ-

72 1750 183 1800 'CZZ'fg'Sffin
192 1750 213 1770 ³¹¹
224 1754 462 1794 praetenderemus,
475 1755 531 1793 ipso
540 1764 636 1792 magno
646 1754 756 1783 sabbato
768 1755 876 1783 collecta
884 1766 939 1783 ma-
993 1767 1039 1794 ραν
1057 1755 1147 1783 λοιπὸν
1172 1756 1219 1788 τῆς
1241 1753 1341 1792 ἡμέρας
1363 1752 1372 1768 ¹
1382 1752 1552 1791 ἐπειγομένης
1562 1776 1569 1788 ,
1586 1758 1643 1785 ταῖς
1668 1755 1763 1789 ἐκκλη-

187 1795 192 1802 ’
226 1810 276 1828 nus
288 1800 406 1828 militum
416 1822 423 1836 ,
438 1800 474 1828 ad
488 1810 626 1839 vesperam
641 1799 695 1828 diei
710 1801 737 1828 in
759 1800 882 1829 ecelesias
896 1801 938 1829 in-
993 1801 1060 1833 σίαις
1081 1800 1285 1834 ἐπεισελθόντες,
1297 1799 1340 1827 τὸν
1353 1799 1447 1837 κλῆρον
1464 1799 1567 1827 ἅπαντα
1582 1799 1625 1827 τὸν
1637 1798 1683 1827 σὺν
1697 1801 1762 1837 ἡμῖν

224 1856 313 1884 gressa
326 1868 333 1882 ,
358 1845 457 1873 clerum
481 1856 586 1873 omnem
609 1845 656 1883 qui
682 1845 822 1874 nobiscum
838 1853 893 1875 erat
912 1847 940 1875 vi
992 1846 1056 1886 πρὸς
1072 1846 1130 1884 βίαν
1146 1845 1277 1879 ἐξέὸαλον,
1292 1844 1336 1873 καὶ
1349 1844 1439 1875 ὅπλοις
1463 1843 1493 1871 τὸ
1517 1845 1591 1881 βῆμα
1613 1845 1761 1882 περιεστοί-

225 1891 320 1930 ejecit,
345 1898 370 1919 et
397 1891 478 1919 armis
495 1891 675 1920 sanctuarium
691 1891 810 1929 undique
827 1892 939 1920 obsedit.
992 1903 1078 1930 χιστο.
1096 1891 1148 1920 Καὶ
1170 1895 1288 1929 γυναῖκες
1310 1891 1360 1917 τῶν
1377 1888 1518 1927 εὐκτηρίων
1541 1889 1618 1917 οἴκων
1641 1890 1705 1928 πρὸς
1731 1890 1761 1918 τὸ

225 1937 353 1965 Mulieres
365 1947 470 1975 quoque
482 1947 616 1965 sacrarum
628 1937 727 1965 aedium
739 1960 747 1974 ,
771 1948 830 1976 quae
842 1948 889 1977 per
905 1938 937 1967 il-
948 1961 984 1979 519
995 1938 1133 1976 βάπτισμα
1155 1935 1350 1973 ἀποδυσάμεναι
1375 1935 1432 1962 κατ’
1449 1934 1523 1962 αὐτὸν
1544 1934 1588 1962 τὸν
1609 1935 1698 1974 καιρὸν
1713 1947 1760 1973 γυ-

226 1981 274 2010 lud
289 1989 392 2021 tempus
409 1993 435 2010 se
449 1989 592 2018 exuerant,
606 1988 637 2010 ut
647 1982 853 2021 baptizarentur,
867 1990 938 2011 metu
957 1988 975 2010 Α
994 1994 1056 2020 μναι
1068 1982 1164 2037 ἔφυγον
1171 1981 1221 2009 ὑπὸ
1233 1991 1277 2009 του
1289 1979 1368 2019 quiem
1381 1981 1428 2012 τὴς
1439 1979 1567 2035 γαλεπῆς
1587 1979 1684 2014 ταύτης
1701 1980 1760 2018 ἐφό-

226 2027 315 2065 gravis
330 2027 407 2055 istius
422 2027 544 2055 incursus
559 2027 637 2055 nudae
652 2028 815 2066 aufugerunt
830 2039 838 2065 5
853 2039 939 2066 neque
993 2029 1055 2063 δου,
1070 2027 1126 2056 οὐδὲ
1137 2026 1184 2061 τὴν
1197 2037 1346 2065 πρεπουσαν
1361 2024 1450 2063 γυναιξ
1454 2037 1474 2052 ιν
1490 2036 1592 2062 ευσχημ
1594 2023 1686 2059 οσύνην
1699 2037 1760 2063 συγ-

225 2072 296 2100 enim
311 2073 505 2101 concedebatur
516 2079 545 2100 ut
556 2083 582 2101 se
591 2073 719 2110 velarent,
734 2073 802 2101 sicut
814 2074 938 2103 mulieres
990 2073 1158 2113 χωρούμεναι
1181 2074 1270 2110 περιΟε
1264 2071 1349 2099 σΟαι
1373 2069 1468 2098 πολλαὶ
1496 2069 1522 2097 δὲ
1550 2081 1594 2097 και
1621 2069 1758 2108 τραύματα

225 2117 348 2146 honestas
358 2117 445 2155 decet:
459 2118 550 2146 multae
566 2117 645 2146 etiam
657 2118 772 2157 acceptis
780 2119 937 2148 vulneribus
991 2119 1128 2157 δεξάμεναι
1152 2100 1333 2152 ἐξεθάλλοντο,
1349 2116 1392 2145 καὶ
1410 2115 1518 2153 αἵματος
1533 2116 1559 2142 αἱ
1578 2115 1758 2153 κολυμίῗῆθραι

224 2162 400 2202 ejiciebantur
411 2185 419 2200 ,
435 2170 459 2191 et
474 2164 601 2201 sanguine
615 2163 796 2202 implebantur
808 2164 917 2203 piscinae
929 2187 936 2201 ‚
993 2166 1151 2203 ἐπληροῦντο
1162 2186 1168 2198 ,
1184 2163 1228 2191 καὶ
1244 2163 1277 2191 τὰ
1300 2162 1358 2201 ἱερὰ
1383 2161 1434 2189 ἀπὸ
1447 2163 1498 2189 τῶν
1515 2160 1633 2198 αἱμάτων
1646 2160 1760 2199 ἐφοινίσ-

224 2215 249 2237 et
268 2219 361 2236 cruore
379 2209 446 2237 sacri
467 2209 561 2237 latices
578 2209 761 2238 rubescebant.
784 2211 876 2248 Neque
893 2211 937 2239 hic
993 2222 1051 2240 σετο
1066 2209 1179 2247 νάματα.
1203 2208 1253 2237 Καὶ
1275 2207 1331 2236 οὐδὲ
1357 2208 1467 2235 ἐνταυΟα
1491 2205 1606 2240 εἷστίκει
1620 2205 1649 2233 τὸ
1664 2205 1756 2233 δεινόν.

225 2264 313 2282 rerum
328 2253 389 2281 finis
403 2261 467 2282 erat.
482 2255 551 2283 Nam
566 2262 590 2282 et
605 2254 693 2283 locum
705 2276 713 2290 ,
733 2255 760 2283 in
776 2266 829 2293 quo
846 2265 935 2286 sancta
992 2257 1060 2285 Ἀλλ’
1075 2255 1135 2284 ἔνθα
1159 2254 1192 2282 τὰ
1222 2254 1283 2291 ἅγια
1301 2252 1438 2281 ἀπέκειντο
1461 2250 1619 2282 εισελΟόντες
1634 2252 1657 2278 οἱ
1678 2262 1759 2289 στρα-

223 2298 329 2327 condita
343 2299 529 2335 servabantur,
544 2299 653 2337 ingressi
669 2307 730 2328 suut
743 2301 857 2339 milites,
869 2313 934 2340 quo·
990 2304 1096 2336 τιῶται,
1114 2312 1149 2328 ων
1162 2299 1242 2334 ἔνιοι,
1264 2300 1322 2326 καθ’
1338 2300 1373 2329 ὣς
1400 2296 1526 2335 ἔγνωμεν,
1545 2295 1657 2333 ἀμύητοι
1677 2298 1756 2331 ἠσαν,

223 2354 284 2372 rum
297 2343 401 2381 aliquos
413 2343 511 2372 scimus
523 2343 604 2371 nullis
620 2344 736 2373 initiatos
751 2347 897 2384 mysteriis,
908 2355 933 2376 et
990 2347 1076 2376 πάντα
1099 2358 1127 2374 τε
1150 2345 1236 2383 ἑώρων
1261 2343 1295 2372 τὰ
1319 2342 1403 2377 ἔνδον,
1419 2353 1463 2370 και
1481 2341 1511 2369 τὸ
1533 2341 1677 2379 ἁγιωτατον
1691 2343 1758 2378 αῖιια

220 2389 348 2418 viderunt
365 2389 454 2417 omnia
474 2400 533 2427 quae
548 2389 619 2418 intus
641 2397 724 2419 erant.
745 2391 817 2426 Quin
837 2399 861 2420 et
875 2403 931 2422 san·
988 2397 1033 2422 τοῦ
1045 2393 1175 2431 Χριστοῦ,
1191 2391 1225 2421 ὡς
1239 2390 1265 2417 ἐν
1278 2387 1393 2426 τοσούτῳ
1403 2386 1520 2426 Οορύὸῳ,
1533 2386 1568 2417 εἷς
1582 2385 1614 2414 τὰ
1626 2387 1677 2413 τῶν
1692 2397 1757 2424 προ-

252 2470 264 2487 b
284 2469 338 2492 Duo
350 2472 387 2493 καὶ
398 2472 459 2500 μετὰ
469 2470 560 2496 ἀδικίας.
1032 2475 1041 2486 ”
1059 2470 1151 2494 Omnes
1167 2468 1224 2492 Mss.
1245 2475 1293 2490 uno
1309 2471 1414 2497 excepto
1434 2469 1452 2490 οἱ
1470 2468 1506 2489 καὶ
1525 2467 1577 2496 μετ’
1596 2466 1672 2489 αὑτοῦ.
1686 2463 1755 2488 Infra

250 2515 259 2526 c
277 2507 332 2531 Duo
344 2507 401 2530 MSS.
413 2509 479 2532 αὑτὸν
491 2510 558 2532 ε”ἒκλε
570 2509 696 2541 λοιδορίαις-
999 2515 1048 2533 tres
1060 2509 1118 2533 Mss.
1135 2513 1146 2537 ὴ
1158 2509 1284 2535 λιέέλλλους
1296 2511 1435 2539 κατηγόρων,
1445 2509 1470 2528 CL
1483 2504 1518 2527 S'lc
1530 2504 1604 2527 etiam
1617 2502 1752 2530 Palladius.

247 2546 256 2560 ‘¹
275 2546 336 2570 Tres
354 2546 411 2569 Mss.
429 2548 481 2570 ἀλλ’
500 2549 623 2578 ἐπεθέμεθα
643 2550 760 2576 ἀξιοῦντες.
777 2546 844 2572 Infra
865 2552 970 2580 ἐλέγομεν
1029 2549 1039 2566 s
1056 2548 1097 2571 Sic
1113 2547 1171 2570 Mss.
1184 2552 1246 2577 pene
1263 2551 1358 2568 omnes.
1376 2542 1443 2567 Editi
1457 2542 1520 2566 male
1532 2546 1691 2574 ἐπιγινομένης.
1706 2543 1752 2567 llic

215 2585 283 2609 deest
297 2584 320 2609 ῘΠ
334 2583 412 2608 tribus
424 2584 481 2608 MSS·
995 2586 1063 2611 locus
1075 2584 1179 2609 affertur
1192 2593 1206 2608 a
1219 2583 1359 2615 Nicephoro
1371 2582 1424 2607 Call
1449 2581 1491 2606 lib.
1509 2582 1546 2612 ¹3,
1560 2589 1616 2614 cap.
1628 2583 1669 2606 49.
