1830 2829
292 194 333 216 1)Ιί
362 194 476 216 vtitiuts
504 194 677 223 apostola,
707 195 834 217 k'lthM
866 194 1098 217 sus't'mtatlti't'ts
1127 195 1296 226 novumn,
1327 197 1399 217 [ΓΗΖ.

97 257 219 285 ἁπάντων
238 259 288 285 τῶν
302 257 369 285 κατὰ
384 256 431 291 τὴν
450 256 590 294 Αἴγυπτον,
605 257 648 285 καὶ
663 259 708 291 τῆς
727 260 772 285 τοῦ
786 258 855 285 Θεοῦ

98 301 269 340 προστασίας,
283 302 327 331 καὶ
342 303 392 330 τῶν
408 303 465 340 μετ’
479 301 591 334 ἐκείνους
609 302 741 340 πολέμων,
764 304 857 340 ἀναμι-

99 349 208 385 μνήσκει
221 352 267 384 ἰ-ἧς
281 349 368 387 μάχης
384 350 429 383 τῆς
441 349 481 376 ἐπ’
499 349 577 377 αὐτοῦ
593 349 732 387 γενομένης
748 347 792 377 καὶ
812 349 858 381 τῆς

97 395 169 430 νίκης
183 397 229 429 τῆς
238 395 395 435 παραδόξου’
407 395 450 423 καὶ
466 394 546 423 εἰπὼν
556 397 611 427 πῶς
622 395 747 428 πολλάκις
759 394 800 424 διὰ
812 394 858 427 τὰς

97 441 191 473 οἰκείας
204 441 333 481 ἁμαρτίας
346 446 398 473 τοῖς
416 441 551 479 πολεμίοις
574 441 787 480 παραδοθέντων,
799 440 858 469 ἐκοί-

97 487 169 516 λεσεν
185 487 260 519 αὐτὸς
269 487 313 516 τὸν
327 487 404 522 Θεὸν,
423 487 468 516 καὶ
483 487 630 522 ἀπήλλαξεν
643 486 734 519 αὐτοὺς
746 488 798 515 τῶν
811 498 858 515 πο-

96 532 202 571 λεμίων,
220 533 358 562 συνάπτων
373 537 426 566 τοῖς
441 534 560 566 παλαιοῖς
575 532 608 562 τὰ
621 532 666 562 νέα
676 555 683 568 ,
703 532 795 570 ἐπάγει
813 531 857 560 καὶ

95 577 176 617 λέγει·
186 578 371 611 Ἐξαπέστειλε
383 580 476 617 Κύριος
485 579 527 608 τὸν
539 578 682 618 Ἰεροὲἶάαλ,
691 577 734 606 τὸν
748 577 856 613 Γεδεὼν,

94 623 138 653 καὶ
155 624 198 653 τὸν
219 625 325 664 Βαρὰκ,
341 625 385 654 καὶ
397 625 440 653 τὸν
459 624 559 664 Ἰεφθάε
570 647 577 660 ,
592 623 635 653 καὶ
649 624 692 653 τὸν
712 623 855 662 Σαμουὴλ,

93 670 137 698 καὶ
155 669 266 703 ἐξείλετο
287 673 354 708 ὑμᾶς
377 670 508 700 κύκλωθεν
530 671 559 698 ἐκ
578 670 664 710 χειρὸς
684 671 735 698 τῶν
755 670 854 709 ἐχθρῶν

94 718 175 755 ὑμῶν,
187 717 232 745 καὶ
243 721 387 746 κατοικεῖτε
401 716 561 748 πεποιθότες.

131 854 212 894 Ὁρᾷς
225 856 280 887 πῶς
298 853 352 887 ἔθος
366 859 419 888 τοῖς
437 855 518 894 ἁγίοις
537 853 573 892 μὴ
589 853 622 883 τὰ
636 855 734 883 ἑαυτῶν
755 866 850 894 κατορ-

90 900 200 937 Θώματα
223 901 316 939 λε’γειν,
340 903 363 930 εἷ
384 901 420 939 μή
442 912 505 929 ποτε
530 903 786 939 καταναγκασθεῖεν;
801 900 852 929 Διὰ

89 948 166 975 τοῦτο
185 946 229 975 καὶ
243 949 256 975 ὁ
269 948 372 979 Παῦλος
394 947 458 987 πρὸς
471 946 577 979 τούτους
598 946 712 985 βλέπων,
727 947 773 975 καὶ
787 958 850 976 παι-

90 992 225 1030 δευόμενος
235 992 366 1032 ἀκριὸῶς,
379 993 419 1022 ὅτι
429 992 458 1021 τὸ
473 992 549 1022 αὐτόν
558 1004 617 1021 τινα
632 992 692 1032 περὶ
704 994 795 1021 ἑαυτοῦ
809 993 850 1021 λέ-

90 1050 144 1076 γειν
163 1038 275 1078 ἐπαχθὲς
298 1039 343 1067 καὶ
367 1039 499 1078 φορτικὸν,
517 1039 619 1076 ἔλεγεν·
645 1038 761 1078 ἱὈφελον
784 1039 851 1068 ἀνεί-
867 1038 885 1061 C

90 1083 168 1122 χεσθέ
196 1096 244 1121 μου
273 1085 364 1124 μικρὸν
384 1087 416 1122 τῇ
438 1084 567 1124 ἀφροσύνῃ
577 1096 583 1102 ·
612 1086 640 1113 οὗ
676 1084 756 1123 με’γα,
785 1085 852 1114 ἀλλὰ

91 1129 183 1168 μικρόν
201 1142 235 1158 τι.
252 1130 320 1159 Οὐδὲ
337 1129 387 1169 γὰρ
402 1130 517 1169 ἀνάγκης
537 1130 615 1165 οὔσης
636 1130 702 1168 μετὰ
719 1131 853 1169 δαψιλείας

91 1177 175 1215 ἐκχεῖν
189 1176 280 1205 ἑαυτὸν
295 1177 330 1209 εἷς
344 1175 390 1211 τὴν
406 1176 525 1215 διήγησιν
539 1177 590 1204 τῶν
612 1176 749 1214 ἐγκωμίων
772 1188 851 1217 παρε-

90 1221 230 1251 σκεύασται
240 1243 247 1256 ,
263 1222 329 1251 ἀλλὰ
343 1222 386 1251 διὰ
398 1222 517 1262 βραχέων
535 1221 599 1251 αὐτὰ
611 1221 772 1262 παρα-τρέχει
784 1234 790 1240 ·
807 1223 851 1252 καὶ

91 1267 154 1296 αὐτὸ
169 1267 200 1303 δὴ
213 1271 288 1296 τοῦτο
299 1268 331 1296 δι’
349 1268 457 1300 ἐκείνους
471 1268 515 1296 καὶ
528 1267 575 1303 τὴν
593 1267 696 1296 ἐκείνων
711 1268 851 1308 σωτηρίαν.

90 1313 191 1352 Ἱὶσπερ
205 1313 256 1353 γὰρ
266 1335 274 1350 ,
289 1315 335 1343 οὐκ
347 1314 424 1348 οὔσης
439 1314 553 1353 ἀνάγκης
563 1314 648 1352 λέγειν
660 1313 692 1342 τὰ
706 1315 789 1343 οἰκεῖα
804 1327 850 1344 κα-

87 1358 263 1398 τορθώματα,
284 1359 372 1392 ἀνοίας
392 1359 460 1388 ἐστὶν
481 1360 611 1399 ἐσχάτης,
634 1359 714 1392 οὕτως
736 1360 850 1399 ἀνάγκης

87 1404 252 1441 ἐπικειμένης
268 1404 312 1433 καὶ
333 1405 390 1444 βίας
405 1405 522 1440 ὠθούσης
533 1428 540 1441 ,
559 1406 639 1434 πάλιν
654 1406 779 1446 προδοσία
794 1408 850 1436 ἐστὶ

87 1449 117 1477 τὸ
131 1454 205 1489 σιγᾷν
216 1450 248 1479 τὰ
260 1452 343 1479 αὐτῶν
359 1451 541 1492 πεπραγμένα.
553 1451 622 1481 Ἀλλ’
634 1451 705 1490 ὅμως
719 1454 732 1481 ὁ
747 1453 850 1486 Παῦλος

63 1517 65 1520 -
88 1495 133 1524 καὶ
155 1496 270 1535 ἀνάγκην
291 1493 368 1526 οὖσαν
382 1499 458 1536 ὁρῶν,
473 1498 607 1532 ἀπώκνει,
623 1498 667 1526 καὶ
688 1498 718 1527 τὸ
738 1504 849 1538 πρᾶγμα

89 1541 233 1581 ἀφροσύνην
242 1542 337 1578 ἐκάλει,
347 1542 389 1571 ἵνα
398 1543 482 1582 μάθῃς
490 1545 568 1572 αὐτοῦ
579 1543 625 1580 τὴν
637 1543 738 1573 σύνεσιν
747 1544 791 1573 καὶ
801 1545 847 1581 τὴν
864 1550 882 1572 D

88 1587 179 1626 σοφίαν
193 1588 237 1617 καὶ
250 1589 298 1623 τὴν
309 1589 408 1625 πολλὴν
424 1589 575 1629 ἀσφάλειαν.
585 1590 637 1619 Καὶ
646 1589 697 1629 γὰρ
707 1590 796 1627 εἰπὼν,
811 1591 848 1621 Ἰ)

87 1634 174 1669 λαλῶ,
187 1636 215 1663 οὐ
229 1635 301 1664 λαλῶ
316 1634 384 1664 κατὰ
400 1635 505 1674 Κύριον,
520 1636 691 1675 προσέθηκεν,
704 1636 751 1665 Ἐν
765 1638 846 1676 ταύτῃ

86 1681 119 1718 τῇ
128 1681 268 1710 ὑποστάσει
278 1684 325 1716 τῆς
336 1683 495 1720 καυχήσεως.
505 1682 549 1717 Μὴ
561 1682 678 1722 νομίσῃς,
686 1684 759 1723 φησὶ,
769 1685 848 1714 καθό-

85 1727 130 1754 λου
146 1737 178 1764 με
193 1737 267 1756 τουτο
281 1727 374 1766 λέγειν.
388 1727 470 1757 “stete
486 1728 528 1757 διὰ
545 1733 619 1758 τοῦτο
639 1730 715 1759 αὐτὸν
732 1731 848 1769 μάλιστα

85 1774 182 1802 ἐπαινῶ
190 1786 235 1802 και
246 1775 369 1813 θαυμάζω
380 1787 424 1804 και
435 1775 583 1832 σοφώτατον
594 1777 702 1814 καλυ,’
688 1790 727 1807 οτι
736 1784 846 1818 πρᾶγμα

86 1819 231 1858 ἀφροσύνης
255 1823 318 1849 εἰναι
333 1821 437 1859 ἐνόμισε
451 1822 480 1850 τὸ
494 1823 585 1851 ἑαυτὸν
605 1824 776 1862 ἐγκωμιάζειν
803 1825 847 1853 καὶ

85 1865 207 1894 ἐπαινεῖν.
222 1867 283 1895 Εἰ
269 1865 294 1895 οὲ
310 1869 382 1900 οὗτος
395 1867 509 1907 ἀνάγκην
521 1872 599 1897 οὖσαν
613 1872 714 1909 ὁρῶν,’
700 1870 846 1910 αφροσύνην

84 1922 160 1940 τουτο
181 1911 284 1948 ἐκάλει,
303 1912 370 1946 τίνος
389 1914 418 1942 ἂν
437 1909 486 1942 εἷεν
498 1915 654 1953 συγγνώμης
668 1915 751 1952 ἄξιοι,
771 1917 848 1949 ποίας

85 1957 240 1995 ἀπολογίας,
255 1960 279 1986 οἱ
295 1958 360 1996 μηδὲ
378 1960 494 1998 ἀνάγκης
513 1960 591 1995 οὔσης
611 1961 670 2000 περὶ
690 1964 787 1990 ἑαυτων
801 1962 846 1991 λε’-

83 2013 171 2038 γοντες
186 2014 217 2039 με
207 2003 287 2041 γάλα
298 2025 305 2038 ,
322 2003 338 2038 ἢ
355 2016 398 2033 και
421 2005 522 2044 ἑτέρους
535 2005 564 2034 λε
553 2018 618 2044 εγειν
633 2008 846 2046 καταναγκάζον-

86 2058 139 2082 τ;ς;
158 2049 240 2076 ''lau-ff
263 2051 306 2076 οὖν
327 2050 434 2085 εἰδότες,
451 2050 512 2087 μὴ’
501 2063 648 2089 επαινυμεν
666 2052 699 2080 τὰ
718 2053 845 2091 λεγόμενα

85 2093 172 2130 μόνον,
197 2093 264 2121 ἀλλὰ
290 2105 334 2122 και
357 2095 536 2133 μιμησώμεθα
555 2108 598 2124 και
612 2097 781 2136 ζηλώσωμεν,
802 2111 845 2127 και

85 2139 293 2178 κατορθωμάτιιιν
309 2140 555 2179 ἐπιλανθανόμενοι,
577 2144 627 2170 τῶν
647 2143 844 2182 ἁμαρτημάτων

83 2184 124 2213 ἀεὶ
149 2185 361 2224 μνημονεύωμεν,
385 2186 426 2215 ἵνα
450 2188 494 2216 καὶ
518 2189 664 2227 μετριάζειν
692 2189 843 2228 δυνώμεθα,

83 2231 127 2259 καὶ
141 2231 204 2270 πρὸς
217 2231 249 2260 τὰ
269 2231 413 2271 ἔμπροσθεν
429 2235 650 2273 ἔπεκτεινόμενοι,
672 2234 700 2264 τὸ
723 2236 843 2275 βραῧεῖον

82 2277 204 2315 λάὲωμεν
220 2281 266 2313 ’.ἧς
280 2279 333 2307 ἄνω
351 2279 482 2315 κλήσεως,
498 2280 587 2320 χάριτι
603 2281 646 2310 καὶ
662 2283 844 2323 φιλανθρωπίᾳ

83 2325 126 2350 τοῦ
143 2324 237 2361 Κυρίου
251 2327 327 2363 ἡμῶν
339 2324 425 2361 Ἰησοῦ
449 2327 561 2365 Χριστοῦ
571 2349 578 2361 ,
593 2330 649 2365 μεθ’
662 2323 690 2356 οἷ
705 2331 741 2368 τῷ
756 2330 842 2368 Πατρὶ

83 2369 137 2406 ἅμα
152 2372 188 2408 τῷ
201 2371 266 2411 ἁγίῳ
281 2372 414 2410 Πνεύματι
430 2373 490 2406 δόξα
501 2396 508 2408 ,
524 2375 633 2414 κράτος,
648 2374 712 2413 τιμὴ
723 2398 729 2410 ,
743 2378 785 2404 ν’ῦν
799 2376 842 2405 καὶ

82 2415 134 2451 ἀεὶ,
147 2416 190 2444 καὶ
201 2418 236 2450 εἷς
248 2417 305 2451 τοὺς
319 2420 413 2452 αἰῶνας
423 2421 474 2447 τῶν
490 2420 598 2449 αἰώνων.
614 2421 701 2459 Ἀμήν.

1554 187 1619 233 3⁷17

913 255 1021 285 modum
1045 257 1095 285 sibi
1123 257 1172 296 ipsi
1204 256 1279 285 fidat.
1296 258 1363 287 Cum
1387 258 1472 296 itaque
1491 260 1528 287 illi
1554 260 1625 288 ‹lis-ta

913 300 996 340 ipsius
1011 312 1058 329 suo
1072 302 1221 330 testimonio
1245 302 1448 340 confirmarent,
1465 304 1543 333 aliam
1571 306 1626 345 ipse

913 348 1038 376 virtutem
1053 358 1127 376 snam
1144 347 1270 387 pra-dicat
1285 360 1290 375 :
1305 360 1334 377 ac
1351 351 1562 379 connnenwratis
1576 363 1625 380 an-

913 393 993 431 tiquis
1013 393 1066 422 illis
1090 393 1285 432 omnibus,qni
1310 394 1334 422 in
1362 395 1479 435 [Egypto
1503 397 1625 433 suerunt,

876 442 892 464 B
914 449 1011 467 necnon
1030 439 1076 467 Dei
1090 439 1246 478 patrocinio,
1256 439 1386 479 bellisque
1396 452 1454 479 quse
1467 449 1553 481 postea
1567 454 1626 471 eon·

912 484 1045 522 tigcrnnt,
1063 485 1141 513 refert
1156 496 1272 525 pugnam
1292 497 1319 514 se
1336 486 1404 514 duce
1419 487 1586 517 commissam
1602 496 1627 517 et

913 529 1052 558 victoriam
1079 530 1241 570 inopinatam
1259 543 1265 558 :
1282 542 1312 560 ac
1337 543 1397 560 enm
1420 532 1531 562 dixisset
1557 545 1627 572 quo-

911 575 990 603 modo
1005 586 1074 615 szepc
1085 576 1120 604 ob
1129 584 1234 616 peccata
1248 588 1294 605 sna
1310 577 1422 606 inimicis
1433 579 1558 616 traditos,
1570 581 1625 620 ipso

910 628 1040 659 precante,
1050 622 1121 649 Dens
1134 622 1168 650 al»
1178 622 1300 650 hostibus
1315 622 1479 659 liberaverit,
1490 625 1625 654 veteribus

909 667 1022 696 recentia
1037 667 1195 707 adjungens,
1212 668 1249 697 sic
1265 668 1343 697 insert
1358 681 1364 696 :
1382 671 1465 698 Misit
1481 671 1561 700 Deus
1576 673 1623 701 Je-
1641 686 1657 701 ι.
1671 682 1694 701 lu
1744 690 1775 703 12.

907 714 1012 741 rolmal
1024 736 1033 748 ‚
1049 715 1184 751 Gedeon,
1206 716 1311 749 Barac,
1327 716 1452 754 Jeplztae,
1465 723 1491 745 el
1506 718 1622 746 Samue-
1640 718 1660 732 ¹¹

907 758 974 795 lem,
987 766 1014 787 et
1024 762 1127 799 eripttit
1140 771 1193 789 vos
1205 762 1236 788 ιἰι
1247 763 1369 789 circuilu
1380 762 1415 790 de
1425 773 1513 791 mann
1526 765 1620 792 inimi·

906 814 1004 833 corum
1019 813 1194 841 vestrorum,
1204 813 1231 835 et
1241 807 1382 836 habitatis
1394 808 1582 847 confidenter.

944 851 990 879 10.
1010 850 1107 880 Viden'
1122 852 1282 890 quomodo
1276 864 1302 881 ιιι
1321 863 1392 882 m01e
1409 853 1444 882 sit
1459 855 1556 883 sanctis
1569 866 1619 884 non
1634 870 1704 890 Sum·
1724 879 1777 891 ,,(,,..

906 898 1031 937 praeclara
1045 910 1092 928 sua
1108 907 1179 938 gesta
1194 911 1301 929 nariare
1316 901 1366 929 nisi
1383 909 1492 940 urgente
1506 903 1620 932 necessi-
1636 902 1667 920 ¹¹¹
1672 910 1675 920 ¹
1690 910 1708 921 '¹
1717 912 1738 924 k
1729 909 1777 922 ”“’

906 944 976 972 tate?
987 944 1049 973 Ideo
1065 946 1165 974 Paulus
1178 946 1212 974 ad
1231 946 1278 974 hos
1293 946 1452 986 respiciens,
1464 955 1489 976 et
1501 940 1711 983 aeeuratel‚¹‡.i('‚s
1716 939 1777 985 jus:

906 990 1061 1027 institutus,
1079 991 1219 1020 molestum
1234 1003 1427 1031 onerosumque
1438 1004 1506 1029 esse,
1523 995 1545 1023 si
1561 995 1622 1033 quis
1633 996 1738 1015 <¹¹³1111¹

905 1037 939 1065 de
962 1036 1049 1077 seipso
1070 1037 1175 1077 aliquid
1201 1039 1344 1078 proferret,
1361 1039 1482 1077 dicebat,
1501 1042 1621 1070 Utinam
1635 1065 1656 1079 ,-
1671 1061 1724 1081 sm·
1741 1068 1761 1081 Η

906 1085 1084 1113 sustineretis
1101 1086 1244 1113 modicum
1258 1086 1329 1124 quid
1342 1088 1512 1124 insipienlioe
1533 1098 1602 1116 mete
1611 1100 1621 1120 ;
1638 1097 1658 1112 ¹-

906 1139 958 1157 non
975 1140 1114 1169 magnum,
1126 1130 1172 1160 sed
1190 1132 1334 1160 modicum
1351 1133 1431 1171 quid.
1445 1133 1537 1171 Neque
1551 1133 1621 1162 enim

905 1182 1015 1213 cogente
1035 1176 1187 1205 necessitate
1215 1177 1348 1216 copiosam
1375 1177 1485 1206 landum
1511 1190 1622 1208 suarum

905 1222 1082 1250 narrationem
1102 1222 1237 1250 effundere
1250 1230 1358 1262 paratus
1372 1230 1426 1252 erat
1437 1246 1446 1262 ,
1459 1224 1506 1253 sed
1529 1226 1621 1264 paneis

904 1265 963 1295 illas
984 1267 1235 1306 percurrit:etl10c
1260 1269 1347 1307 ipsum
1372 1277 1481 1308 propter
1502 1281 1546 1299 eos
1573 1282 1619 1299 eo-

904 1322 1018 1351 rumque
1027 1314 1149 1342 salutem.
1169 1314 1403 1350 Quemadmodum
1419 1316 1488 1345 enim
1500 1317 1556 1345 sine
1570 1319 1620 1346 ali-

903 1369 955 1396 qua
966 1359 1118 1388 necessitate
1133 1371 1180 1388 sua
1200 1371 1332 1389 recensere
1347 1363 1472 1401 praeclara
1487 1371 1558 1401 gesta
1575 1375 1620 1393 ex-

903 1411 991 1434 tremae
1012 1405 1151 1434 dementia:
1173 1414 1230 1435 est:
1245 1407 1283 1435 sic
1300 1407 1413 1436 instante
1431 1409 1581 1438 necessitate
1595 1418 1619 1438 et

902 1451 930 1480 vi
956 1452 1141 1491 compellente,
1157 1452 1274 1492 proditio
1298 1461 1365 1482 esset
1388 1454 1434 1482 illa
1454 1461 1538 1484 tacere
1561 1467 1619 1494 qnae

902 1497 984 1537 probe
999 1498 1098 1528 fecerit.
1114 1501 1236 1528 Attamen
1251 1500 1350 1528 Paulus
1365 1500 1444 1529 etiam
1459 1512 1519 1530 eum
1537 1512 1616 1541 urge<

900 1551 940 1573 ret
961 1545 1115 1582 necessitas,
1127 1546 1320 1581 cunctabatur,
1333 1557 1441 1585 remque
1456 1547 1531 1576 illam
1552 1549 1617 1577 insi-

901 1590 1029 1630 pientiam
1044 1591 1172 1629 vocabat,
1187 1598 1218 1620 ut
1235 1591 1321 1621 discas
1338 1593 1394 1632 ejus
1408 1593 1577 1632 prudentiam
1592 1602 1616 1623 et

901 1637 1072 1676 sapientiam,
1090 1648 1267 1677 magnamque
1291 1639 1449 1668 cantionem.
1467 1641 1536 1669 Nam
1556 1652 1617 1670 cum

900 1682 1027 1721 dixisset,
1049 1684 1134 1722 Quod
1145 1684 1258 1724 loquor,
1271 1696 1330 1713 non
1343 1686 1447 1724 loquor
1457 1688 1616 1716 secundum

901 1730 1076 1768 Dominum,
1091 1730 1207 1770 adjecit,
1219 1732 1256 1760 In
1268 1733 1324 1761 hac
1335 1734 1499 1762 substantia
1508 1734 1615 1773 gloria-

900 1778 997 1805 tionis.
1014 1777 1053 1806 Ne
1067 1784 1155 1816 putes,
1167 1777 1270 1816 inquit,
1290 1789 1332 1807 me
1346 1779 1491 1817 generatim
1508 1780 1557 1808 hoc
1569 1780 1614 1809 di-

900 1832 966 1851 cere.
976 1823 1068 1862 Itaque
1082 1822 1141 1852 ideo
1157 1824 1274 1853 maxime
1285 1825 1375 1853 virum
1391 1825 1481 1857 laudo,
1496 1826 1615 1854 admiror

899 1876 925 1897 et
933 1869 1158 1908 sapientissimum
1173 1880 1254 1905 voco,
1277 1871 1348 1908 quod
1375 1882 1429 1899 rem
1447 1871 1614 1911 insipientem

900 1925 955 1943 esse
965 1921 1071 1954 putaret
1085 1915 1202 1954 seipsum
1216 1915 1326 1944 laudare
1338 1923 1363 1944 et
1378 1917 1519 1945 celebrare,
1534 1918 1614 1953 Quod

899 1960 921 1989 si
940 1961 998 1996 ille,
1019 1960 1081 1989 licet
1103 1961 1283 1989 necessitatem
1309 1961 1406 1989 instare
1428 1962 1544 2000 videret,
1565 1963 1614 1992 hoe

899 2006 1040 2035 stultitiam
1054 2006 1184 2043 vocabat,
1205 2017 1255 2044 qua
1271 2008 1363 2044 venia,
1378 2019 1430 2046 qua
1445 2009 1615 2039 excusatione

899 2051 976 2090 digni
989 2058 1066 2080 erunt
1082 2051 1115 2087 ii,
1130 2053 1176 2090 qui
1200 2052 1273 2081 nulla
1294 2054 1446 2082 necessitate
1469 2054 1502 2083 de
1522 2056 1615 2095 seipsis

899 2108 994 2136 magna
1012 2098 1129 2136 jactant,
1150 2105 1196 2126 aut
1215 2099 1280 2127 alios
1296 2099 1397 2138 jactare
1419 2102 1537 2139 cogunt?
1552 2102 1614 2130 lla‘c

899 2154 960 2172 cnm
973 2151 1106 2183 comperta
1119 2144 1272 2181 habeamus,
1282 2156 1313 2174 ne
1326 2146 1382 2183 illa,
1392 2158 1451 2185 quae
1461 2147 1531 2176 dicta
1544 2157 1614 2183 sunt,

898 2190 1039 2219 laudemus
1051 2197 1153 2219 tantum
1163 2214 1172 2226 ,
1186 2191 1232 2220 scd
1244 2192 1323 2220 ctiam
1342 2192 1480 2222 imitemur
1494 2202 1518 2223 et
1533 2206 1614 2224 aemn-

899 2236 994 2275 lemur,
1018 2244 1043 2265 et
1058 2244 1128 2266 recte
1147 2238 1277 2266 sactorum
1296 2238 1373 2267 obliti
1393 2247 1498 2278 peecata
1511 2252 1615 2282 semper

897 2294 1144 2319 commemoremus,
1157 2291 1185 2312 ut
1196 2291 1221 2312 et
1233 2285 1366 2314 moderate
1377 2296 1455 2324 agere
1466 2288 1609 2326 possimus.

895 2337 920 2358 et
933 2329 968 2358 ad
983 2340 1012 2358 ea
1025 2340 1084 2368 quae
1104 2337 1164 2358 ante
1179 2341 1226 2359 nos
1242 2338 1302 2360 sunt
1326 2332 1529 2371 contendentes,
1545 2334 1608 2363 bra-

896 2376 970 2405 vium
985 2386 1104 2415 supernae
1122 2377 1268 2405 vocationis
1289 2377 1468 2417 accipiamus,
1487 2380 1571 2417 gratia
1587 2388 1610 2407 et

896 2423 1058 2462 benignitate
1072 2422 1181 2451 Domini
1191 2423 1274 2451 nostri
1289 2424 1351 2452 Jesn
1367 2424 1483 2461 Christi,
1500 2426 1608 2463 quicum

896 2469 983 2506 Patri,
999 2479 1051 2497 una
1074 2480 1136 2497 cum
1159 2476 1249 2497 sancto
1273 2469 1393 2509 Spiritu,
1409 2470 1492 2508 gloria
1505 2493 1511 2503 ,
1527 2471 1609 2509 impe-

896 2517 984 2553 rium,
999 2515 1095 2552 honor,
1112 2525 1182 2544 nunc
1193 2522 1217 2544 et
1235 2526 1347 2554 semper,
1360 2523 1384 2544 et
1404 2516 1429 2544 in
1448 2516 1542 2543 sircnlu
1561 2527 1607 2544 sa·-

896 2561 1027 2591 culorum.
1037 2563 1130 2589 Amen.

1628 1712 1641 1726 2
1662 1707 1704 1724 l'w

1633 1744 1666 1766 ις,

1732 1713 1766 1727 11.
