1843 2810
145 1038 224 1060 Adam}

81 1071 183 1098 exemplo
193 1071 224 1091 id-

82 1107 154 1126 ipsum
172 1108 224 1130 pro-

83 1130 128 1151 hur..

112 2453 230 2483 objectio-

84 2488 109 2507 ni
139 2493 229 2513 respuu-

83 2517 124 2537 «let
137 2517 163 2535 tle
186 2524 230 2544 pss?-

87 2550 120 2568 nis
138 2551 159 2566 et
179 2554 229 2574 sup-

88 2579 168 2605 plinus>

572 146 600 168 S.

241 133 312 176 534
629 146 767 169 :omaus
793 146 971 169 cunx'sos‘r.

239 207 318 236 didit.
331 206 426 244 Neque
434 212 538 235 tantum
549 207 696 246 quidquam
705 207 823 236 debonis
834 218 884 236 non
892 208 951 236 abs-

239 253 311 289 tulit,
335 263 498 290 quamquam
522 260 560 281 tot
579 260 705 292 tantaque
727 254 889 289 abstulisset,
905 253 951 281 sed

238 298 319 326 etiam
331 298 444 337 majores
452 298 473 326 ei
484 298 594 327 divitias
603 299 710 327 virtutis
721 299 894 337 comparavit.
903 299 952 327 Et-

237 343 309 372 enim
323 344 422 383 majore
434 344 557 383 deinceps
577 345 715 372 fruebatur
730 344 840 380 fiducia,
855 344 953 383 quippe

236 388 385 417 difficiliori
401 400 506 427 quoque
516 389 826 428 certamineperfunctus.
842 389 922 423 Quod
931 389 953 417 si

238 434 271 469 is,
284 435 328 472 qui
343 441 413 463 tanta
426 445 564 474 perpessus
573 441 622 467 est,
636 434 789 462 detrimenti
801 434 870 462 nihil
881 445 954 463 acce-

238 479 289 518 pit,
301 490 332 507 ac
342 490 481 519 perpessus
501 491 552 508 non
566 480 600 507 ab
615 480 733 517 homine,
747 479 793 508 sed
805 491 819 508 a
835 480 955 509 daemone

238 526 364 554 omnihus
375 526 529 554 hominihus
540 525 666 563 nequiore
679 537 684 552 ε
699 526 766 564 quid
775 526 954 555 excusationis
970 532 987 554 E

237 571 362 610 deinceps
373 571 481 599 habebit
495 571 636 608 quisquam
645 581 746 606 eorum,
759 571 804 609 qui
816 571 950 600 dictitant:

238 616 287 644 Ille
298 617 366 644 mihi
384 616 514 644 damnum
527 623 572 644 aut
586 616 777 645 detrimentum
797 618 907 646 attulit?
924 619 953 647 Si

237 662 308 690 enim
320 662 446 690 diabolus
460 669 532 690 tanta
553 662 648 701 plenus
665 662 848 702 improbitate,
866 664 956 692 omni-

236 710 287 737 bus
296 709 477 738 instrumentis
492 709 631 744 adhibitis,
649 710 774 739 omnibus
785 710 873 740 missis
883 711 953 747 telis,

235 755 360 783 omnibus
375 755 463 789 malis,
479 766 537 793 quae
552 755 577 783 in
590 755 745 783 hominibus
758 763 843 791 erant,
857 767 953 795 magno

234 811 296 828 cum
312 811 421 828 excessu
436 807 461 828 et
473 801 498 828 in
512 800 716 839 familiamjusti
732 801 806 829 illius
819 808 843 829 et
858 801 884 829 in
893 812 952 830 cor-

235 856 285 884 pus
299 846 440 884 congestis,
451 845 519 873 nihil
536 845 594 874 viro
604 845 703 883 obfuit,
717 845 773 880 sed,
786 852 815 874 ut
823 846 894 881 dixi,
908 857 954 886 po-

233 891 287 919 tius
301 891 381 920 etiam
406 891 526 930 profuit:
548 892 593 930 qui
607 898 732 931 poterunt
754 891 865 929 quidam
881 892 954 921 hune

233 946 279 967 aut
292 939 370 967 illum
380 949 516 976 accusare,
533 939 607 977 quasi
624 939 692 967 alter
703 939 737 967 ab
752 939 844 975 altero,
855 949 885 967 ac
900 949 952 968 non

234 983 323 1023 potius
338 994 353 1011 a
368 982 516 1021 semetipsis
529 982 627 1011 damno
642 982 754 1010 affecti?

280 1029 307 1058 4,
328 1027 403 1063 Quid
430 1038 503 1066 ei·g0‚
521 1028 592 1056 dicet
614 1028 721 1066 aliquis,
744 1026 878 1055 Adamum
900 1038 952 1056 non

236 1074 302 1102 laesit
327 1084 357 1102 ac
377 1073 573 1112 supplantavit,
595 1080 620 1101 et
634 1073 759 1112 paradiso
780 1072 877 1111 ejecit?
892 1074 951 1102 Non
968 1080 987 1101 Λ

236 1119 290 1155 ille,
305 1118 350 1147 sed
367 1119 423 1147 laesi
444 1118 560 1156 ignavia,
581 1118 628 1156 qui
643 1129 691 1146 nec
710 1119 827 1155 sobrius,
847 1130 894 1149 nec
909 1120 952 1148 vi-

234 1164 320 1203 gilans
333 1164 434 1192 suisset.
450 1165 519 1192 Nam
533 1163 579 1202 qui
594 1163 693 1192 talibus
711 1175 741 1192 ac
767 1165 846 1193 tantis
863 1165 951 1193 allatis

233 1209 365 1238 machinis
374 1209 425 1239 Job
441 1209 583 1238 deturbare
599 1209 731 1247 nequivit,
746 1210 881 1248 quomodo
896 1211 950 1239 mi-

232 1255 344 1284 noribus
365 1262 517 1294 superasset
532 1255 677 1293 Adamum⁷
694 1255 745 1283 nisi
770 1255 793 1283 is
817 1267 863 1295 per
875 1267 951 1285 suam

233 1301 370 1340 ignaviam
384 1308 466 1329 semet
486 1301 542 1340 ipse
565 1300 733 1329 dedidisset?
748 1300 824 1337 Quid
846 1301 950 1340 igitur?

231 1348 278 1386 qui
292 1359 307 1376 a
331 1347 570 1376 calumniatoribus
592 1347 790 1375 circumventus
804 1354 829 1374 et
855 1347 950 1386 publi-

230 1393 296 1421 catis
319 1393 397 1421 bonis
416 1392 581 1431 proscriptus
598 1398 647 1429 est,
664 1402 697 1420 an
712 1392 734 1419 is
755 1402 805 1419 non
821 1392 949 1420 damnum

230 1438 334 1477 accepit
358 1438 484 1466 omnibus
503 1437 675 1466 facultatibus
695 1437 833 1475 spoliatus,
852 1437 949 1466 amisso

232 1483 403 1523 patrimonio,
414 1483 560 1512 colluctans
574 1493 634 1511 cum
644 1489 762 1511 extrema
777 1484 950 1522 paupertate?

231 1536 290 1564 Non
314 1535 441 1563 damnum
466 1534 587 1573 accepit,
602 1533 647 1562 sed
662 1534 783 1571 lucrum,
802 1534 824 1562 si
845 1535 949 1563 sobrius
966 1534 983 1556 Β

230 1587 278 1609 est.
299 1580 374 1616 Quid
399 1580 484 1617 enim,
507 1590 610 1618 quaeso,
637 1579 666 1607 id
687 1579 773 1607 obfuit
803 1580 949 1618 apostolis?

231 1627 325 1655 Nonne
336 1637 396 1654 cum
412 1627 481 1654 same
491 1648 498 1660 ,
513 1625 567 1661 siti,
582 1624 704 1653 nuditate
725 1624 888 1653 continenter
902 1625 947 1653 lu-

231 1672 370 1700 ctabantur
378 1672 391 1699 ἶ)
402 1678 426 1699 et
435 1671 469 1699 ob
484 1671 533 1699 hoc
544 1671 633 1709 ipsum
646 1669 756 1709 proinde
768 1670 846 1698 ctiam
855 1670 947 1699 admo-

230 1717 296 1745 dum
312 1717 429 1745 illustres
443 1723 517 1744 crant
530 1722 555 1744 et
568 1715 649 1750 clari,
666 1725 846 1753 magnumque
862 1726 875 1743 a
892 1717 948 1743 Deo

231 1762 365 1791 auxilium
394 1762 581 1801 impetrarunt.
603 1760 678 1796 Quid
694 1760 794 1788 Lazaro
814 1761 944 1797 morbus,

232 1808 331 1843 ulcera,
358 1813 511 1846 paupertas,
533 1805 648 1834 solitudo
663 1816 754 1834 eorum
774 1805 819 1843 qui
840 1805 948 1833 assiste-

232 1860 304 1890 rent,
321 1853 432 1882 obfuit?
457 1854 550 1880 Annon
579 1852 622 1880 his
644 1852 723 1879 rebus
744 1851 765 1879 ei
791 1851 876 1889 magis
888 1858 950 1879 sunt

230 1906 361 1928 contexta*
371 1908 474 1927 coronae
485 1898 497 1925 ἶ)
508 1897 581 1932 Quid
592 1897 708 1936 Josepho
720 1896 788 1924 mala
796 1897 866 1924 fama
876 1896 949 1924 domi

232 1945 348 1983 soi-isque
363 1943 562 1972 collecta?nam
576 1949 600 1970 et
613 1941 752 1970 adulteret
767 1948 894 1970 scortator
903 1942 950 1970 ha-

231 1992 346 2020 bebatur
362 2003 367 2018 :
383 1990 448 2029 quid
464 1990 580 2018 servitus
591 1989 604 2017 ἶ)
617 1989 683 2027 quid
696 1988 844 2017 exsilium?
857 1990 950 2017 Annon

232 2037 266 2065 ob
278 2037 334 2065 liaec
349 2048 409 2065 eum
425 2036 541 2065 maxime
555 2034 722 2063 admiramur
736 2041 761 2063 ct
784 2035 949 2073 obstupesci-

233 2084 315 2111 mus?
329 2082 403 2119 Quid
418 2082 477 2110 dico
492 2081 632 2115 exsilium,
645 2087 837 2120 paupertatem,
852 2081 950 2108 malam

233 2130 345 2163 samam,
364 2135 389 2156 et
418 2127 596 2156 servitutem?
619 2128 692 2155 Mors
714 2126 785 2155 enim
807 2127 863 2166 ipsa
886 2126 952 2164 quid
969 2128 987 2150 C

234 2174 302 2202 Abel
312 2173 409 2207 obfuit,
424 2180 448 2201 et
463 2173 578 2201 violenta
594 2179 618 2201 et
633 2173 787 2209 immatura,
805 2179 829 2200 et
839 2183 885 2211 per
897 2173 948 2201 fra-

234 2219 283 2248 tris
304 2229 413 2246 manum
433 2218 556 2246 scelerate
578 2218 681 2246 allata?
710 2220 804 2246 Annon
828 2218 897 2246 hanc
918 2218 952 2245 ob

235 2273 291 2291 rem
312 2262 411 2299 ubique
439 2267 567 2289 terrarum
591 2261 763 2289 celebratur?
783 2261 900 2290 Videsne
926 2267 953 2288 ut

234 2308 313 2347 plura
321 2317 401 2345 quain
410 2305 571 2345 promiserit,
581 2306 665 2333 oratio
675 2305 885 2334 demonstrarit?
896 2307 954 2334 Non

235 2354 307 2382 enim
331 2359 435 2380 tantum
457 2350 605 2379 declaravit
630 2351 761 2379 neminem
781 2362 795 2378 a
821 2362 954 2389 quoquam

237 2399 335 2428 damno
350 2398 433 2432 affici,
454 2407 546 2425 verum
560 2396 639 2424 etiam
653 2396 741 2435 potius
754 2396 859 2424 lucrum
871 2397 956 2424 facere

239 2455 282 2473 eos
297 2444 343 2482 qui
360 2442 411 2471 sihi
423 2441 571 2470 attendunt.
582 2441 666 2480 Cujus
680 2441 762 2479 igitur
777 2441 860 2478 gratia
872 2452 955 2479 poeuce

240 2498 264 2519 et
275 2488 426 2529 supplicia?
435 2488 505 2516 dicet
518 2487 615 2525 aliquis
623 2487 677 2525 quj
683 2497 712 2514 us
723 2486 807 2525 gratia
818 2487 935 2525 gebenna
943 2487 956 2514 ἶ)

241 2536 316 2574 cujus
332 2534 415 2573 gratia
437 2539 473 2562 tot
490 2533 569 2561 mina:
583 2531 765 2570 imenduntur,
780 2531 801 2559 si
822 2542 896 2560 nemo
910 2542 955 2561 nec

960 1053 996 1071 [438

1003 147 1154 170 ARCHIEP.
1182 149 1306 172 CONSTA
1316 150 1450 173 NTINOP.

1005 212 1089 238 σαῧτα
1100 210 1268 248 ἀφελόμενος,
1281 211 1348 240 ἀλλὰ
1362 211 1406 240 καὶ
1424 211 1529 249 μείζονα
1549 213 1618 251 αὐτῷ
1633 213 1676 241 τὸν
1690 215 1771 242 arzac-

1006 265 1048 282 τον
1063 257 1109 289 τῆς
1133 255 1225 292 ἀρετῆς
1251 256 1397 296 εἰργάσατο.
1416 257 1468 285 Καὶ
1489 257 1539 297 γὰρ
1564 257 1681 289 πλείονος
1705 260 1771 296 μετὰ

1006 302 1088 327 ταῦτα
1114 299 1251 334 ἀπήλαυσε
1279 302 1428 341 παρῤησίας
1439 324 1446 337 ,
1467 302 1512 330 ἅτε
1536 303 1580 331 καὶ
1602 303 1772 342 σφοδρότερον

1007 345 1201 382 ἀγωνισάμενος
1215 347 1312 384 ἀγῶνα.
1336 348 1368 375 Εἴ
1386 347 1413 376 δὲ
1434 350 1447 376 6
1464 351 1578 376 τοο-αὔτα
1597 347 1687 375 παΟὼν
1702 347 1773 376 οὐδὲν

1006 389 1145 426 ἠδίκηται,
1157 391 1202 418 καὶ
1215 390 1305 419 παθὼν
1318 393 1345 420 οὗ
1361 393 1433 431 παρὰ
1446 392 1595 432 ἀνθρώπου,
1611 392 1679 421 ἀλλὰ
1700 392 1773 431 παρὰ

1005 439 1049 464 τοῦ
1062 435 1167 464 πάντων
1183 435 1327 474 ἀνθρώπων
1338 438 1510 477 πονηροτέρου
1524 439 1644 475 δαίμονος
1653 460 1660 473 ,
1675 438 1713 471 τίς
1725 438 1775 471 ἕξει

1004 481 1094 509 λοιπὸν
1109 481 1250 519 ἀπολογίαν
1264 484 1316 510 τῶν
1336 483 1474 520 λεγόντων,
1488 483 1527 512 ὅτι
1543 486 1556 511 ὁ
1573 483 1643 512 δεῖνά
1660 495 1692 520 με
1715 483 1774 517 ἠδί-

1006 537 1071 560 κησε
1085 526 1129 554 καὶ
1143 526 1328 566 παρέὸλαψεη
1346 528 1376 555 liz
1395 528 1445 566 γὰρ
1458 530 1471 556 ὁ
1484 529 1601 561 διάῧολος
1619 531 1632 557 6
1646 528 1775 563 τοσαύτης

1006 571 1094 609 γέμων
1106 571 1215 606 κακίας,
1228 572 1315 600 πάντα
1336 573 1412 600 αὐτοῦ
1427 573 1534 607 κινήσας
1556 574 1589 602 τὰ
1603 574 1700 612 ὄργανα
1710 596 1717 608 ,
1730 573 1775 601 καὶ

1006 617 1093 645 πάντα
1108 617 1180 655 ἀφεὶς
1194 617 1227 645 τὰ
1243 618 1305 654 βέλη
1316 641 1322 653 ,
1335 618 1380 646 καὶ
1392 618 1439 646 ὅσα
1450 614 1481 652 ἧν
1496 619 1521 646 ἐν
1535 618 1679 657 ἀνθρώποις
1689 618 1758 647 κακὰ
1767 641 1774 653 ,

1008 661 1074 700 μετὰ
1089 663 1188 697 πολλῆς
1202 665 1248 697 τ’ἧς
1272 663 1433 702 ὕπερὸολῆς,
1447 663 1492 691 καὶ
1514 665 1549 696 εἰς
1572 663 1619 698 τὴν
1633 663 1716 692 οἰκίαν
1730 667 1775 692 τοῦ

1008 707 1108 736 δικαίου
1123 708 1167 736 καὶ
1186 710 1220 741 εἷς
1247 709 1276 737 τὸ
1295 710 1374 746 σῶμα
1396 708 1526 742 κενώσας,
1551 709 1622 737 οὐδὲν
1637 709 1680 737 τὸν
1694 710 1775 747 ἄνδρα

1007 753 1141 789 ἠδίκησεν,
1155 754 1223 789 ἀλλ’,
1234 754 1298 792 ὅπερ
1310 753 1389 793 ἔφην,
1405 754 1449 782 καὶ
1461 756 1560 791 μᾶλλον
1575 755 1707 794 ὠφέλησε·
1719 757 1775 787 πῶς

1008 799 1160 834 δυνήσονταί
1175 811 1242 832 τινες
1255 800 1298 827 τὸν
1311 801 1380 828 δεῖνα
1392 800 1435 828 καὶ
1452 801 1495 829 τὸν
1509 801 1579 830 δεῖνα
1590 801 1774 834 αἰτιάσασθαι,

1007 846 1042 877 ὡς
1061 846 1124 883 παρ’
1144 846 1243 881 αὐτῶν,
1258 845 1316 874 ἀλλ’
1333 847 1381 883 οὐχ
1396 847 1432 878 ὡς
1456 845 1553 875 οἴκοθεν
1565 845 1735 883 ’ἠδικημένοις

1044 1026 1082 1055 Τι’
1098 1022 1150 1062 οὖν,
1167 1027 1230 1066 φησὶ
1240 1048 1247 1060 ,
1259 1027 1302 1055 τὸν
1317 1027 1401 1065 Ἀδὰμ
1411 1029 1457 1056 οὐκ
1467 1028 1592 1065 ἠδίκησε,
1607 1029 1651 1057 καὶ
1665 1031 1775 1059 ὑπεσκέ-

1005 1073 1077 1107 λισε,
1094 1072 1139 1100 καὶ
1154 1072 1258 1105 ἐξέὸαλε
1273 1076 1318 1101 τοῦ
1332 1073 1506 1112 παραδείσου;
1518 1076 1578 1112 Οὐχ
1589 1070 1661 1107 οὗτος
1671 1097 1678 1110 ,
1690 1077 1747 1104 ἀλλ’
1759 1078 1774 1110 ἡ

1004 1120 1049 1146 τοῦ
1070 1117 1237 1152 ἀδικηθέντος
1262 1118 1391 1157 ῥᾳθυμία,
1407 1119 1451 1147 καὶ
1473 1119 1502 1147 τὸ
1527 1119 1563 1157 μὴ
1583 1119 1687 1159 νήφειν,
1709 1121 1775 1159 μηδὲ

1004 1164 1184 1203 ἐγρηγορέναι.
1199 1162 1232 1192 ‘O
1242 1163 1292 1202 γὰρ
1304 1166 1412 1192 τοιαῦτα
1422 1164 1466 1192 καὶ
1475 1168 1589 1193 τοσαῦτα
1600 1165 1775 1205 προσαγαγὼν

1005 1210 1206 1249 μηχανήματα,
1221 1209 1266 1238 καὶ
1281 1210 1323 1238 τὸν
1338 1209 1400 1238 'lt-‚6
1418 1216 1582 1250 κατενεγκεῖν
1595 1212 1633 1250 μὴ
1648 1212 1774 1246 δυνηθεὶς,

1004 1257 1060 1287 πῶς
1074 1255 1104 1283 ἂν
1121 1255 1146 1288 ἐξ
1166 1255 1309 1284 ἐλαττόνων
1326 1255 1455 1294 ἐκράτησε
1473 1260 1518 1284 τοῦ
1531 1256 1630 1295 Ἀδὰμ,
1644 1259 1667 1285 εἷ
1681 1257 1717 1295 μὴ
1733 1257 1776 1286 διὰ

1003 1302 1050 1334 τῆς
1073 1300 1170 1332 οἰκείας
1196 1300 1323 1340 ῥᾳθυμίας
1347 1301 1438 1329 ἑαυτὸν
1454 1301 1601 1340 προέδωκεν
1614 1304 1726 1338 ἐκεῖνος;
1740 1303 1776 1331 Τί

1003 1340 1062 1380 oiim
1076 1348 1089 1373 6
1106 1346 1280 1384 συκοφάνταις
1306 1346 1472 1385 περιπεσὼν,
1499 1347 1544 1375 καὶ
1569 1348 1706 1385 δημευθεὶς
1728 1347 1775 1382 τὴν

1002 1390 1107 1425 οὐσίαν,
1122 1392 1169 1419 οὐκ
1184 1391 1324 1426 ἠδίκηται,
1341 1391 1374 1420 τὰ
1385 1391 1447 1419 ὄντα
1459 1391 1545 1420 πάντα
1558 1393 1719 1432 ἀφαιρεθεὶς,
1731 1394 1775 1422 καὶ

1001 1437 1130 1475 πατρῴων
1143 1436 1275 1472 ἐκπεσὼν,
1293 1436 1338 1464 καὶ
1359 1437 1436 1475 πενία
1453 1437 1572 1466 παλαίων
1588 1439 1704 1477 ἐσχάτης
1718 1441 1776 1468 Οὐκ

1001 1482 1142 1517 ἠδίκηται,
1159 1483 1226 1511 ἀλλὰ
1246 1483 1290 1510 καὶ
1319 1483 1471 1521 ἐκέρδανεν,
1487 1483 1532 1511 ἐὰν
1550 1484 1628 1522 νήφῃ.
1651 1484 1686 1512 Τί
1710 1484 1774 1524 γὰρ,

1002 1528 1059 1556 εἰπέ
1069 1539 1126 1565 μοι,
1139 1531 1215 1555 τοῦτο
1230 1527 1384 1567 παρέῧλαψε
1395 1528 1453 1560 τοὺς
1466 1528 1641 1564 ἀποστόλους;
1655 1531 1695 1557 Οὔ
1704 1531 1775 1568 λιμῷ

1002 1573 1046 1601 καὶ
1068 1573 1137 1612 δίψει
1160 1573 1204 1601 καὶ
1226 1572 1371 1611 γυμνότητι
1387 1575 1501 1612 συνεχῶς
1520 1574 1661 1609 §nelliano-‘3
1682 1575 1727 1603 καὶ
1742 1575 1774 1603 δι’

1002 1618 1065 1646 αὐτὸ
1093 1618 1139 1656 μὲν
1163 1613 1206 1646 οἶν
1227 1620 1304 1646 τοῦτο
1320 1618 1364 1646 καὶ
1382 1618 1482 1657 σφόδρα
1504 1615 1571 1654 ἦσαν
1590 1620 1708 1658 λαμπροὶ
1730 1622 1774 1648 καὶ

1002 1664 1142 1702 ἐπίσημοι,
1163 1663 1208 1692 καὶ
1229 1663 1328 1698 πολλὴν
1344 1664 1417 1704 παρὰ
1430 1667 1474 1692 τοῦ
1490 1666 1560 1693 Θεοῦ
1584 1666 1632 1699 τὴν
1655 1665 1774 1703 βοήθειαν

1002 1710 1193 1739 ἐπεσπάσαντο.
1212 1709 1248 1738 Τί
1275 1709 1302 1738 δὲ
1332 1710 1375 1738 τὸν
1394 1710 1514 1749 Λάζαρον
1534 1713 1550 1745 ἡ
1574 1711 1662 1745 νόσος,
1678 1711 1723 1740 καὶ
1742 1711 1775 1739 τὰ

1003 1755 1066 1790 ἕλκη
1077 1777 1084 1789 ,
1097 1755 1141 1783 καὶ
1156 1758 1171 1789 ἡ
1188 1755 1265 1783 πενία
1275 1776 1282 1789 ,
1293 1755 1337 1783 καὶ
1349 1758 1364 1790 ἡ
1378 1756 1475 1794 ἐρημία
1487 1758 1539 1784 τῶν
1555 1757 1776 1795 προστησομένων

1002 1801 1187 1840 παρέὸλαψεη
1202 1802 1260 1829 Οὐκ
1278 1802 1394 1829 ἐντεῦθεν
1410 1803 1480 1840 αὐτῷ
1505 1802 1628 1839 μειζόνως
1654 1803 1776 1838 ἐπλᾶκη-

1005 1859 1052 1876 σαν
1068 1850 1091 1875 οἱ
1106 1847 1226 1885 στέφανοι
1238 1859 1244 1882 ;
1257 1846 1292 1874 Τί
1313 1847 1339 1875 δὲ
1354 1846 1398 1874 τὸν
1413 1847 1511 1886 Ἰωσὴφ
1530 1847 1559 1875 τὸ
1573 1848 1688 1886 πονηρὰν
1701 1848 1776 1881 δόξαν

1005 1893 1153 1928 κτήσασθαι
1170 1892 1213 1920 ἐπὶ
1225 1895 1270 1927 τῆς
1286 1892 1383 1924 οἰκείας
1392 1895 1440 1931 γῆς
1451 1893 1495 1920 καὶ
1509 1893 1551 1921 ἐπὶ
1566 1896 1612 1928 τῆς
1627 1894 1777 1933 ἀλλοτρίας-5

1006 1939 1111 1978 καὶγὰρ
1133 1940 1177 1967 καὶ
1193 1939 1284 1977 μοιχὸς
1298 1939 1343 1967 καὶ
1356 1939 1483 1977 ἑταιρικὸς
1503 1934 1569 1967 εἶναι
1589 1940 1721 1978 ἐνομίζετο
1731 1951 1736 1956 ·
1751 1941 1777 1968 τί

1007 1985 1062 2019 δὲὴ
1077 1984 1196 2020 δουλεία;
1210 1984 1235 2012 τί
1260 1984 1286 2012 δὲ
1312 1984 1341 2012 τὸ
1362 1986 1408 2018 τ’ῆς
1430 1984 1554 2023 πατρίδος
1577 1985 1712 2020 ἐκπεσεῖν;
1737 1986 1777 2013 Οὐ

1007 2031 1050 2060 διὰ
1062 2034 1144 2060 ταῦτα
1157 2031 1231 2059 αὐτὸν
1248 2030 1363 2068 μάλιστα
1385 2031 1550 2068 θαυμάζομεν
1565 2030 1610 2059 καὶ
1634 2031 1778 2066 ἐκπληττό-

1009 2079 1091 2115 μεοα;
1104 2076 1156 2106 Καὶ
1167 2075 1192 2104 τί
1204 2076 1273 2114 λέγω
1284 2075 1331 2110 τὴν
1345 2077 1380 2107 εἰς
1396 2075 1442 2110 τὴν
1455 2075 1594 2116 ὑπερορίαν
1606 2075 1777 2113 μετάστασιν,

1008 2123 1052 2151 καὶ
1074 2122 1178 2157 πενίαν,
1191 2121 1236 2149 καὶ
1252 2121 1367 2159 πονηρὰν
1385 2120 1471 2155 δόξαν,
1492 2121 1535 2148 καὶ
1550 2121 1682 2156 δουλείαν;
1697 2121 1779 2154 Αὐτὸς

1008 2168 1058 2207 γὰρ
1073 2170 1086 2196 ὁ
1100 2167 1207 2199 Θάνατος
1232 2166 1258 2194 τί
1284 2166 1326 2194 τὸν
1347 2165 1425 2194 Ἀδελ
1444 2165 1614 2205 παρέὸλαψε,
1630 2165 1673 2194 καὶ
1696 2166 1780 2202 βίαιος

1008 2214 1053 2242 καὶ
1075 2213 1157 2251 ἄωρος
1169 2211 1320 2250 γενόμενος,
1335 2211 1379 2239 καὶ
1394 2211 1444 2238 ὑπὸ
1457 2211 1543 2250 χειρὸς
1558 2211 1698 2248 ἀδελφικῆς
1720 2213 1779 2240 τολ-

1010 2259 1115 2297 μηΟείς;
1139 2260 1178 2286 Οὐ
1212 2257 1255 2285 διὰ
1283 2259 1359 2284 τοῦτο
1385 2259 1522 2294 πανταχοῦ
1552 2258 1598 2290 τ’ἥς
1626 2257 1779 2294 οἰκουμένης

1009 2305 1114 2344 ᾄδεται;
1129 2303 1211 2342 (Ορᾷς
1236 2304 1291 2334 πῶς
1307 2301 1399 2336 πλέον,
1422 2301 1490 2339 ἤπερ
1510 2301 1653 2339 ὑπέσχετο,
1674 2305 1687 2330 6
1706 2302 1780 2340 λόγος

1010 2349 1159 2384 &ingenim
1182 2350 1221 2376 Οὐ
1249 2347 1299 2386 γὰρ
1326 2348 1357 2380 δὴ
1386 2346 1461 2383 μόνον
1489 2345 1578 2375 οὐδένα
1598 2349 1660 2386 παρ’
1681 2348 1780 2379 οὐδενὸς

1010 2395 1178 2432 ἀδικούμενον
1194 2393 1323 2431 ἀπέφηνεν
1333 2414 1340 2426 ,
1355 2391 1421 2420 ἀλλὰ
1439 2391 1482 2419 καὶ
1499 2392 1620 2429 μειζόνως
1635 2393 1779 2432 κερδαίνον-

1009 2454 1055 2473 τας
1067 2441 1125 2473 τοὺς
1141 2442 1242 2471 ἑαυτοῖς
1256 2438 1442 2476 προσέχοντας.
1455 2437 1534 2470 Τίνος
1545 2433 1589 2466 οὖν
1601 2438 1687 2467 ἕνεκεν
1697 2451 1780 2477 τιμω-

1012 2487 1064 2525 ρίαι
1086 2485 1130 2514 καὶ
1151 2483 1269 2515 κολάσεις
1281 2506 1287 2518 ,
1312 2482 1390 2521 φησί;
1410 2482 1477 2515 τίνος
1492 2482 1576 2511 ἕνεκεν
1592 2483 1699 2521 γέεννα;
1714 2484 1780 2517 τίνος

1011 2532 1095 2560 ἕνεκεν
1112 2529 1219 2558 ἀπειλαὶ
1242 2531 1382 2564 τοσαῦται,
1400 2529 1420 2556 εἰ
1444 2528 1534 2566 μηδεὶς
1550 2529 1615 2566 μήτε
1639 2529 1779 2564 ἀδικεῖται,
