1813 2784
5 1163 87 1185 =.Cor.
105 1169 139 1185 11.

0 2350 53 2369 lsai.
64 2347 102 2377 40.

0 2385 19 2399 Ι.
34 2385 56 2400 2.

0 2487 70 2509 hlaG.
79 2493 112 2509 12-

155 124 198 158 52

154 196 271 225 fluxione
285 196 440 225 infestantur
455 198 535 234 oculi,
548 197 667 226 medicus
679 198 802 226 omittens
813 209 867 237 pu—

153 242 248 281 pillam
268 252 366 280 :egram
382 253 488 278 curare,
512 243 607 282 eapitis
621 253 712 271 curam
728 244 804 281 gerit,
820 244 868 272 ubi

152 287 231 316 radix
245 295 270 316 et
283 288 340 316 fons
349 295 403 316 erat
415 288 583 327 :egritudinis
598 301 603 315 :
619 289 654 316 ita
673 299 778 326 quoque
790 289 868 318 Chri-

152 340 209 361 stus
222 333 285 371 agh,
297 333 373 371 prius
389 333 522 361 malorum
535 334 634 362 sontem
648 334 779 372 reprimit.
797 335 867 363 Fons

153 378 252 417 quippe
266 378 398 406 malorum
413 385 437 406 et
452 378 531 407 radix
550 386 574 407 et
589 386 673 407 mater
686 386 724 408 est
747 380 866 409 omnium

153 431 246 452 natura
261 424 372 463 peccati.
388 424 451 452 Haec
464 431 502 453 est
520 435 578 462 quae
592 435 701 464 corpora
720 433 809 454 nostra
820 437 866 455 ve-

153 477 200 497 xat
214 470 344 508 paralysi,
357 470 415 498 haec
427 470 534 499 morbos
543 471 646 499 invehit
658 483 664 498 ι
678 471 778 500 idcirco
786 472 865 500 etiam

153 515 239 553 inquit
252 516 303 544 hoc
317 515 386 551 loco,
397 517 525 554 Confide,
536 517 594 555 fili,
608 517 867 556 dimittunturpec-

153 568 221 589 calcz
237 568 287 589 tua
300 574 312 595 ,·
327 568 352 589 et
368 561 423 590 illic
441 562 478 590 ait
492 573 498 589 t
516 563 593 590 Ecce
607 573 697 591 sanus
709 564 809 601 factus
824 575 863 598 es,
882 567 900 589 D

154 607 216 635 noli
236 608 362 646 amplius
376 618 511 646 peccare,
529 619 566 636 ne
581 609 653 647 quid
670 609 794 637 deterius
814 611 867 638 tibi

153 655 302 691 contingat
315 665 326 686 ;
339 660 451 690 utroque
463 653 521 681 loco
536 653 672 682 declarans
684 654 790 683 morbos
803 655 866 683 istos

152 708 186 726 ex
205 705 312 737 peccato
329 705 404 726 natos
421 709 484 727 esse.
500 698 535 727 Et
550 699 577 727 in
592 699 724 738 principio
745 707 824 738 atque
840 701 865 730 in

152 743 263 772 exordio
275 744 414 772 creationis
428 755 461 772 ex
473 751 579 783 peccato
595 745 704 773 morbus
715 746 792 774 Caini
808 757 865 775 cor-

151 800 203 827 pus
220 789 326 818 invasit.
341 790 409 818 Nam
426 797 451 818 et
464 790 510 818 ille
527 798 585 829 post
599 790 790 829 fratricidium,
806 800 866 831 post

151 835 220 863 illud
231 835 325 869 scelus,
336 841 392 863 tum
407 835 525 874 paralysi
539 836 657 875 corporis
669 843 706 864 est
716 845 862 876 correptus.

152 881 264 908 Tremor
279 881 349 909 enim
361 881 407 909 ille
420 881 489 909 nihil
503 881 578 909 aliud
598 882 649 910 fuit
664 893 743 920 quam
757 884 864 923 paraly-

151 926 195 955 sis.
212 926 326 962 Quando
344 926 416 955 enim
430 927 476 955 illa
488 926 586 963 virtus,
603 938 661 965 quae
673 927 771 956 animal
784 929 862 967 regit,

153 971 313 1000 imbecillior
332 979 370 1000 est
386 971 500 1009 reddita,
525 982 572 1000 nec
583 973 700 1011 amplius
715 974 802 1001 onmia
815 984 865 1012 po-

150 1023 201 1045 test
214 1017 333 1047 membra
346 1025 501 1055 sustentare,
517 1029 566 1046 sua
587 1029 649 1046 cura
665 1019 711 1047 illa
730 1019 860 1054 destituit,

150 1070 229 1101 atque
240 1063 286 1092 illa
300 1064 418 1092 relaxata
430 1071 547 1092 tremunt
557 1072 581 1093 et
594 1065 772 1104 exagitantur.

191 1110 220 1137 6.
234 1110 289 1138 Hoc
301 1111 380 1138 etiam
393 1110 636 1147 indicavitPaulus,
649 1122 709 1139 cum
716 1111 863 1140 Corinthiis

151 1163 289 1194 peccatum
311 1156 445 1194 quoddam
464 1156 628 1195 exprobrans
640 1156 677 1184 ait
690 1168 695 1183 t
707 1157 776 1184 Ideo
788 1159 865 1185 inter

150 1211 203 1229 vos
216 1202 301 1230 multi
314 1202 424 1240 infirmi
439 1208 465 1229 et
481 1202 653 1229 imbecilles.-
671 1201 730 1230 ideo
741 1202 863 1231 Christus

149 1258 254 1285 quoque
263 1247 337 1286 prius
349 1258 454 1275 causam
467 1247 600 1275 malorum
612 1247 811 1285 tollit‚cumque
821 1248 864 1276 di-

149 1293 244 1322 xisset:
258 1293 390 1331 Confide,
402 1293 459 1331 fili,
471 1294 659 1321 dimittuntur
668 1300 788 1330 peccata
799 1300 861 1331 lua,

491 136 520 158 S.
549 135 689 158 JOANMS
718 135 897 158 cnm'sos'r.

149 1341 267 1369 animum
282 1342 339 1379 ejus
352 1341 444 1379 erigit,
460 1340 642 1378 dejectamque
660 1348 773 1369 mentem
788 1341 862 1369 exei-

150 1393 205 1414 tat:
220 1387 320 1425 quippe
339 1397 423 1414 sermo
438 1385 564 1425 prodibat
578 1386 604 1413 in
620 1396 696 1424 opus,
711 1393 736 1414 et
750 1386 777 1414 in
797 1397 861 1415 con—

148 1432 286 1460 scientiam
304 1439 442 1471 penetrans
454 1431 570 1459 animam
582 1431 666 1470 ipsam
681 1432 814 1467 movebat,
831 1444 861 1461 ac

149 1484 252 1505 metum
284 1488 388 1505 omnem
413 1477 571 1516 expellebat.
599 1477 609 1515 [
624 1477 701 1505 Nihil
728 1477 798 1505 enim
823 1485 861 1506 est

149 1522 221 1560 quod
234 1523 268 1551 ita
278 1522 449 1551 formidinem
458 1533 488 1550 ac
497 1523 620 1551 timorem
632 1523 742 1561 injiciat,
754 1530 783 1551 ut
797 1533 860 1552 con-
878 1529 896 1552 E

148 1568 254 1596 scientia
266 1575 431 1607 peccatorum
445 1568 551 1606 :]nihil
562 1568 598 1596 ita
610 1568 773 1607 voluptatem
783 1569 861 1607 parit,

148 1620 173 1642 ct
187 1614 374 1642 confidentiam
390 1614 534 1652 ingenerat,
550 1624 580 1641 ac
594 1613 614 1641 si
629 1614 675 1651 qui
694 1614 795 1642 nullius
809 1625 862 1642 sce-

148 1660 211 1688 leris
220 1660 270 1688 sibi
283 1660 317 1688 sit
331 1659 461 1688 conscius.
477 1660 668 1700 Confidefili,
677 1660 863 1688 diminuatur-

146 1712 267 1744 peccata
281 1713 340 1734 tua.
353 1705 407 1734 Ubi
419 1706 490 1733 enim
502 1705 621 1733 remissio
635 1712 671 1733 est
681 1712 861 1744 peccatorum,

151 1751 208 1779 illic
220 1758 244 1779 et
262 1751 370 1790 adoptio
390 1758 428 1779 est
439 1751 567 1780 filiorum.
581 1751 620 1779 Ita
631 1761 677 1779 nos
690 1761 794 1789 quoque
810 1762 861 1780 non

147 1797 223 1836 prius
238 1798 343 1825 Patrem
361 1808 502 1835 possumus
517 1796 659 1836 appellare,
674 1807 753 1834 quam
772 1796 799 1824 in
815 1808 861 1825 53⁴

147 1853 253 1871 crurum
263 1853 393 1880 aquarum
407 1842 513 1871 lavacro
523 1849 632 1881 peccata
647 1842 858 1870 absterserimus.

147 1889 262 1923 Quando
284 1889 367 1927 igitur
383 1888 453 1916 mala
470 1888 517 1916 illa
539 1888 660 1927 deposita
675 1888 777 1916 sarcina
800 1887 861 1916 inde

147 1933 324 1966 ascendimus.
340 1941 396 1962 tum
406 1933 532 1969 dicimus,
543 1935 634 1962 Pater
649 1940 754 1969 noster,
769 1936 818 1973 qui
831 1945 860 1963 es

149 1982 179 2007 in
192 1980 279 2008 coelis.
294 1981 397 2009 Verum
411 1979 481 2007 enim
496 1990 559 2008 vero
573 1979 649 2018 cujus
660 1979 698 2007 rei
711 1980 796 2017 gratia
809 1990 860 2008 nou

148 2024 184 2052 ita
195 2035 222 2052 se
238 2024 317 2062 gessit
331 2035 393 2062 erga
409 2025 499 2061 illum,
511 2025 557 2063 qui
573 2025 682 2063 triginta
696 2033 754 2054 octo
778 2036 860 2054 annos

148 2070 280 2105 habebat,
293 2069 340 2097 sed
354 2070 428 2108 prius
440 2070 514 2098 illius
529 2081 624 2109 corpus
638 2072 743 2099 curavit
756 2072 768 2099 Ξ)
782 2072 860 2106 Quo-

148 2116 219 2144 niam
241 2115 282 2143 illi
307 2115 415 2152 quidem
436 2116 562 2154 temporis
585 2117 739 2154 prolixitate
757 2118 861 2146 suci-ant

148 2167 284 2189 consumta
297 2167 404 2199 peccata
419 2172 424 2187 :
438 2167 523 2199 potest
533 2161 603 2188 enim
617 2162 791 2191 tentationum
802 2173 861 2201 gra-

148 2206 217 2234 vitas
229 2217 295 2235 onus
305 2213 474 2245 peccatorum
487 2206 573 2235 levius
587 2205 697 2235 reddere
711 2220 716 2235 :
734 2208 861 2245 quemad—

148 2252 259 2280 modum
277 2259 302 2280 et
316 2251 349 2280 de
361 2252 460 2280 Lazaro
472 2251 553 2289 dixit,
567 2262 627 2279 eum
642 2252 710 2280 mala
726 2263 773 2281 sua
785 2263 858 2281 rece-

148 2297 227 2336 pisse,
249 2304 327 2335 atque
348 2297 393 2325 hic
413 2297 541 2325 consolari
554 2303 595 2324 :et
611 2308 704 2325 rursus
724 2297 761 2325 ait
774 2298 856 2326 alibi:

149 2342 351 2372 Consolamini
368 2341 505 2380 populum
524 2352 627 2376 meum,
647 2342 799 2380 loquimini
820 2343 860 2370 ad

147 2399 197 2418 cor
208 2388 383 2421 Jerusalem,
391 2389 461 2426 quia
473 2389 578 2425 recepit
588 2387 623 2415 tle
638 2397 726 2415 manu
738 2389 860 2415 Domini

148 2434 276 2473 duplicia
304 2439 425 2471 peccata
449 2443 511 2461 sua.
524 2431 560 2460 Et
594 2432 690 2460 iterum
713 2433 858 2472 propheta:
878 2434 895 2456 B

149 2482 285 2514 Domine,
293 2489 394 2518 pacem
405 2479 544 2513 danobis,
558 2481 656 2507 omnia
670 2481 746 2507 enim
760 2479 860 2507 reddi—

149 2526 216 2554 disti
225 2526 316 2563 nobis,
325 2523 478 2563 significans
489 2534 577 2562 poenas
584 2531 608 2553 et
616 2524 747 2563 supplicia
756 2524 859 2553 veniam

928 136 1080 160 ARCHIEP.
1107 138 1168 161 CON
1174 139 1372 163 STANTINOP.

924 198 950 231 ἐξ
964 198 1163 238 ἁμαρτημάτων
1183 201 1327 240 ἐτέχθησαν
1343 197 1420 230 αῧται
1438 204 1465 231 αἱ
1481 203 1561 232 νόσοι.
1585 205 1638 233 Καὶ
1663 207 1687 235 ἐν

923 246 992 283 ἀρχῇ
1006 245 1051 273 καὶ
1062 246 1088 273 ἐν
1104 246 1249 283 προοιμίοις
1259 249 1305 281 τῆς
1319 247 1426 281 κτίσεως
1439 248 1464 281 ἐξ
1478 249 1607 289 ἁμαρτίας
1621 253 1636 285 ἠ
1649 251 1688 279 νό-

923 301 965 322 σος
979 291 1014 322 εἰς
1030 289 1058 318 τὸ
1078 294 1123 319 τοῦ
1146 291 1211 319 Kottis
1224 292 1373 332 κατέσκηψε
1388 295 1473 331 σῶμα.
1489 295 1542 323 Καὶ
1556 295 1606 335 γὰρ
1622 298 1688 324 ἐκεῖ-

921 347 962 367 νος
977 335 1044 373 μετὰ
1058 335 1105 370 τὴν
1126 337 1335 375 ἀδελφοκτονίαν,
1362 338 1428 376 μετὰ
1448 339 1495 374 τὴν
1520 341 1689 380 παρανομίαν

922 381 1032 416 ἐκείνην,
1053 382 1111 409 τότε
1133 383 1268 420 παρελύθη
1290 384 1319 412 τὸ
1343 386 1429 422 σῶμα.
1453 385 1494 413 Τὸ
1508 386 1559 425 γὰρ
1584 386 1690 424 τρέμειν

921 426 992 454 οὐδὲν
1009 426 1095 465 ἕτερόν
1116 429 1185 455 ἐστιν
1202 427 1218 461 ἢ
1240 428 1396 466 παράλυσις.
1416 429 1468 458 Καὶ
1482 430 1533 468 γὰρ
1555 431 1616 458 ὅταν
1628 434 1644 465 ἡ
1657 431 1686 459 τὸ

922 474 986 506 ζῶον
1000 474 1171 510 οἷκονομοῒέσα
1186 473 1293 510 δύναμις
1308 476 1480 513 ἀσθενεστέρα
1496 476 1614 514 γένηται,
1630 477 1688 504 οὐκ·

921 517 958 545 ε’τι
976 518 1104 555 δυναμένη
1119 519 1205 546 πάντα
1226 519 1408 552 &immeritem
1424 520 1457 548 τὰ
1481 521 1564 558 μέλη,
1580 521 1686 560 ἀφίησιν

922 563 988 592 αὐτὰ
1002 565 1048 598 τ’ἶς
1063 564 1157 595 οἰκείας
1177 564 1317 602 προνοίας,
1341 560 1397 593 εἶτα
1415 566 1580 604 χαλασθέντα
1601 568 1686 595 ἐκεῖνα

922 609 1010 647 τρέμει
1021 609 1064 638 καὶ
1079 609 1253 649 περιφέρεται.

959 1109 1044 1136 Τοῖἱτο
1061 1108 1104 1136 καὶ
1121 1109 1225 1142 Παῗιλος
1245 1109 1387 1144 ἐδήλωσεν·
1403 1110 1535 1150 ἁμαρτίαν
1555 1111 1605 1151 γάρ
1625 1124 1683 1141 τινα

919 1154 1064 1192 Κορινθίοις
1077 1155 1194 1192 ἐγκαλῶν
1210 1167 1273 1193 φησι
1283 1167 1289 1172 ·
1310 1155 1361 1184 Διὰ
1380 1159 1456 1185 τοῦτο
1476 1157 1568 1185 πολλοὶ
1581 1160 1607 1186 ἐν
1622 1160 1684 1196 ὑμῖν

920 1200 1034 1232 ἀσθενεῖς
1048 1200 1091 1228 καὶ
1108 1200 1238 1239 ἄρρωστοι
1247 1212 1252 1218 ·
1267 1201 1309 1229 διὰ
1322 1205 1396 1230 τοῦτο
1410 1201 1454 1230 καὶ
1465 1204 1478 1230 ὁ
1492 1203 1605 1242 Χριστὸς
1617 1203 1682 1241 πρό-

918 1257 990 1284 τερον
1012 1245 1059 1280 τὴν
1085 1246 1168 1273 αἰτίαν
1191 1248 1291 1284 ἀναιρεῖ
1320 1249 1371 1275 τῶν
1399 1249 1497 1284 κακῶν,
1524 1249 1569 1276 καὶ
1593 1249 1684 1285 εἰπὼν,

917 1291 1032 1329 Θάρσει,
1046 1291 1146 1327 τέκνον,
1158 1291 1289 1330 ἀφέωνταί
1299 1304 1343 1320 σου
1356 1294 1382 1320 αἱ
1393 1292 1536 1330 ἁμαρτίαι,
1549 1293 1683 1328 ἀνίστησιν

917 1339 994 1366 αὐτοῦ
1009 1338 1038 1366 τὸ
1052 1337 1184 1376 φρόνημα,
1199 1338 1317 1376 διεγείρει
1329 1338 1564 1376 καταέἶείῖλημένην
1575 1339 1622 1374 τὴν
1635 1341 1682 1378 ψυ-

915 1384 978 1422 χήν·
990 1385 1003 1412 ὁ
1014 1383 1064 1422 γὰρ
1082 1383 1158 1422 λόγος
1179 1382 1253 1422 ἔργον
1269 1383 1383 1421 ἐγίνετο,
1404 1384 1448 1412 καὶ
1471 1386 1506 1417 εἷς
1526 1384 1555 1413 τὸ
1570 1385 1683 1418 συνειδὸς

916 1429 1036 1458 εἰσελθὼν
1048 1431 1126 1463 αὐτῗς
1136 1428 1234 1463 ἥπτετο
1247 1431 1293 1463 τ’ἦς
1304 1431 1400 1468 ψυχῆς,
1413 1430 1457 1458 καὶ
1471 1435 1557 1459 πᾶσαν
1568 1431 1682 1469 ἀγωνίαν

915 1475 1044 1508 ἐξέῧαλεν.
1060 1474 1142 1503 Οὐδὲν
1156 1475 1206 1514 γὰρ
1218 1474 1298 1507 οὕτως
1312 1475 1406 1509 ἡδονὴν
1423 1480 1500 1511 ποιεῖ,
1512 1475 1556 1504 καὶ
1571 1476 1682 1515 παρέχει

915 1523 1018 1560 Θαῤῥεῐν
1033 1523 1067 1554 ὡς
1083 1521 1112 1549 τὸ
1127 1521 1207 1558 μηδὲν
1223 1522 1315 1549 ἑαυτοῦ
1330 1526 1494 1560 κατηγορεῖν.
1510 1522 1626 1560 Θάρσει,
1639 1522 1681 1551 τέ-

915 1579 983 1601 κνον,
996 1566 1126 1605 ἀφέωνταί
1137 1578 1181 1595 σου
1194 1568 1219 1594 αἱ
1230 1566 1455 1605 ἆμαρτίαι.”()που
1464 1566 1514 1606 γὰρ
1523 1568 1683 1606 ἁμαρτημά-

915 1625 966 1641 των
977 1614 1075 1651 ἄφεσις,
1084 1613 1137 1640 ἐκεῖ
1149 1611 1270 1640 υἱοθεσία.
1284 1611 1430 1650 Οὕτωγοῧν
1439 1612 1483 1640 καὶ
1492 1615 1567 1649 ἡμεῖς
1578 1615 1606 1642 οὐ
1618 1614 1682 1652 πρό-

914 1670 987 1697 τερον
997 1658 1127 1695 δυνάμεθα
1137 1658 1246 1686 καλέσαι
1254 1657 1371 1696 Πατέρα,
1381 1657 1428 1690 ἕως
1439 1659 1502 1696 ἐντῇ
1511 1659 1683 1698 κολυμῧήθρα

915 1706 967 1732 τῶν
977 1704 1078 1732 ὑδάτων
1091 1705 1142 1731 τῶν
1154 1702 1232 1742 ἁγίων
1245 1703 1432 1742 ἅπονιψώμεθα
1443 1703 1475 1732 τὰ
1491 1704 1681 1743 ἁμαρτήματα.

915 1750 1000 1779 “va
1014 1753 1074 1789 γοῦν
1086 1752 1180 1778 ἐκεῖθεν
1197 1749 1346 1787 ἀνέλθωμεν
1357 1750 1387 1778 τὸ
1398 1750 1509 1789 πονηρὸν
1521 1751 1602 1779 ἐκεῖνο
1621 1763 1682 1790 φορ-

915 1796 969 1825 τίον
984 1796 1150 1833 ἁποθέμενοι,
1165 1796 1223 1824 τότε
1233 1796 1354 1833 λέγομεν,
1366 1795 1457 1836 Πάτερ
1468 1798 1553 1833 ἡμῶν,
1565 1798 1578 1824 ὁ
1592 1798 1617 1825 ἐν
1630 1801 1683 1830 τοῖς

917 1843 1041 1880 οὐρανοῖς.
1057 1840 1134 1869 Ἀλλὰ
1153 1841 1220 1873 τίνος
1235 1841 1320 1869 ἕνεκεν
1343 1841 1386 1870 ἐπὶ
1401 1845 1445 1870 τοῦ
1458 1841 1599 1880 τριάκοντα
1614 1842 1683 1871 ὀκτὼ

917 1887 1021 1925 ἔχοντος
1045 1887 1093 1925 οὐχ
1114 1885 1195 1918 οὕτως
1219 1886 1350 1921 ἐποίησεν,
1372 1886 1438 1915 ἀλλὰ
1463 1886 1492 1914 τὸ
1511 1888 1589 1924 σῶμα
1606 1887 1682 1916 αὐτοῦ

917 1931 1048 1970 διώρθωσε
1068 1931 1207 1971 πρότερον;
1224 1931 1289 1960 εὈτι
1308 1931 1397 1970 ἐκείνῳ
1418 1931 1463 1970 μὲν
1487 1933 1523 1970 τῷ
1542 1932 1622 1969 μήκει
1637 1936 1682 1961 τοῦ

915 1979 1008 2018 χρόνου
1033 1977 1067 2006 τὰ
1093 1977 1271 2016 ἁμαρτήματα
1298 1977 1475 2011 δεδαπάνητο·
1502 1977 1608 2006 δύναται
1630 1978 1681 2017 γὰρ

915 2025 1062 2062 πειρασμοῦ
1075 2023 1181 2060 μέγεθος
1192 2023 1221 2051 τὸ
1234 2025 1284 2051 τῶν
1299 2022 1496 2061 ἁμαρτημάτων
1509 2023 1611 2062 φορτίον
1622 2026 1682 2052 κοῦ-

916 2081 961 2108 φον
979 2074 1061 2098 ποιεῖν
1074 2080 1079 2086 ·
1101 2068 1190 2108 ὥσπερ
1209 2063 1251 2097 οὖν
1273 2068 1318 2097 καὶ
1333 2068 1377 2097 ἐπὶ
1396 2072 1440 2097 τοῦ
1459 2069 1580 2107 Λαζάρου
1594 2069 1682 2108 ςρησὶν,

915 2116 955 2144 ὅτι
971 2115 1087 2143 &assues
1103 2113 1136 2142 τὰ
1152 2114 1222 2142 κακὰ
1236 2115 1323 2149 enimv,
1339 2114 1382 2142 καὶ
1396 2115 1507 2143 ἐνταῦθα
1521 2116 1681 2153 παρακαλεῖ-

915 2173 959 2190 ται
970 2173 975 2178 ·
987 2160 1032 2189 καὶ
1045 2160 1126 2189 πάλιν
1141 2160 1258 2198 ἀλλαχοῦ
1272 2171 1349 2198 φησι·
1365 2161 1549 2198 Παρακαλεῖτε
1563 2160 1606 2188 τὸν
1618 2160 1680 2188 λαόν

917 2219 979 2245 μου,
993 2205 1126 2240 λαλήσατε
1141 2207 1175 2238 εἷς
1189 2204 1236 2240 τὴν
1254 2205 1363 2245 καρδίαν
1375 2204 1559 2244 Ἱερουσαλὴμ,
1569 2204 1609 2233 ὅτι
1623 2205 1681 2234 ἐδέ-

916 2253 976 2286 ξατο
991 2254 1019 2281 ἒκ
1033 2251 1118 2291 χειρὸς
1132 2250 1229 2291 Κυρίου
1246 2251 1326 2279 διπλᾶ
1340 2249 1373 2278 τὰ
1394 2249 1573 2288 ἁμαρτήματα
1589 2252 1679 2286 αὖτ’ἧς.

916 2298 969 2327 Καὶ
990 2298 1068 2326 πάλιν
1091 2299 1104 2325 ὃ
1125 2295 1274 2336 προφήτης,
1301 2294 1379 2333 Κύριε
1390 2315 1397 2328 ,
1421 2295 1525 2333 εἰρήνην
1551 2295 1592 2328 δὸς
1607 2299 1681 2333 ἡμῖν,

916 2343 1002 2371 πάντα
1012 2342 1063 2382 γὰρ
1075 2341 1211 2373 ἀπέδωκας
1221 2343 1295 2378 ἡμῖν,
1308 2339 1450 2379 ἐμφαίνων,
1461 2342 1500 2368 ὅτι
1515 2342 1541 2369 αἱ
1555 2341 1681 2380 τιμωρίαι

913 2388 957 2416 καὶ
967 2390 993 2416 αἱ
999 2388 1119 2420 κολάσεις
1132 2386 1329 2426 ἁμαρτημάτων
1339 2385 1506 2425 συγχώρησιν
1515 2390 1627 2423 ποιοῦσι,
1635 2388 1680 2416 καὶ

914 2432 1075 2471 πολλαχόθεν
1086 2433 1162 2461 τοῦτό
1177 2434 1232 2460 ἐστι
1247 2432 1354 2471 φανερὸν
1368 2433 1486 2466 ποιῆσαι.
1500 2432 1579 2470 Ἐμοὶ
1592 2432 1676 2462 τοίνυν

915 2479 984 2507 δοκεῖ
1003 2478 1083 2515 μηδὲν
1099 2478 1188 2517 ἐκείνῳ
1203 2478 1262 2516 περὶ
1276 2477 1390 2517 ἀφέσεως
1409 2478 1594 2516 διαλεχθῆναι,
1609 2478 1677 2507 ἀλλὰ

915 2524 978 2563 πρὸς
986 2524 1015 2552 τὸ
1026 2524 1118 2561 μέλλον
1129 2524 1203 2552 αὐτὸν
1213 2522 1455 2562 ἀσφαλίσασθαι,ιῖ1ς
1464 2525 1515 2551 τῶν
1526 2523 1576 2558 ἤδη
1588 2525 1677 2561 πλημ-
