1830 2829
277 184 419 208 ttoMtLtA
447 185 489 208 DE
516 187 626 210 CAPTO
654 189 822 211 tztj'ruot'm
852 189 892 211 HT
922 190 963 212 1)Ιί
993 190 1196 214 DtVNJ'ttttfflt
1226 191 1410 216 VAMTA’HQ.

90 245 274 283 πνευματικὰ,
300 246 400 285 ἀγάπη.
420 247 513 276 Ταῦτα
535 248 632 286 μελέτα
661 252 718 278 καθ’
745 251 856 285 ἑκάστην

88 291 199 330 ἡμέραν,
217 292 261 321 καὶ
277 292 314 330 μὴ
332 292 411 322 πάλιν
430 293 490 322 ἰδὼν
513 294 580 332 μετὰ
595 296 640 324 δύο
656 295 756 336 ἡμέρας
777 297 856 325 ἄλλον

1559 186 1626 230 407

917 251 979 280 llaec
999 252 1114 291 singulis
1128 253 1224 283 diebus
1239 255 1382 291 meditare,
1399 266 1430 285 nc
1443 265 1500 296 post
1515 258 1629 288 biduum

914 307 1022 327 cernens
1044 299 1129 329 alium
1153 311 1233 330 curru
1259 309 1374 338 vectum,
1400 303 1485 332 serico
1507 304 1630 334 indutum

89 338 206 376 ὀχήματι
220 339 370 378 φερόμενον,
385 340 493 379 σηρικὸν
505 341 730 380 περιίεὸλημένον
743 343 856 381 ἱμάτιον,
876 349 896 372 D
915 343 1071 373 vestimento
1082 368 1089 382 ‚
1114 356 1169 375 sese
1194 347 1345 376 efferentem
1359 370 1365 382 ,
1394 349 1561 379 conturberis
1586 359 1631 380 aut

89 383 289 424 κορυφούμενον,
309 385 472 424 θορυῧηθῇς,
494 390 636 427 ταραχθῇς.
658 391 667 403 ‘¹
684 389 729 424 Μὴ
757 389 857 418 ἐπαίνει

88 430 222 465 πλούσιον,
242 431 311 460 ἀλλὰ
324 431 368 460 τὸν
388 432 414 459 ἐν
427 432 577 473 δικαιοσύνῃ
598 435 684 472 μόνον.
707 435 752 471 Μὴ
767 435 856 468 κάκιζε

87 476 202 511 πένητα,
217 476 285 506 ἀλλὰ
303 477 370 515 μάθε
384 479 436 506 τῶν
453 479 615 517 πραγμάτων
629 480 677 515 τὴν
690 481 774 520 κρίσιν
787 481 857 520 ἔχειν

86 522 164 562 ὀρθὴν
178 522 222 552 καὶ
236 523 413 554 ἀδιάπτωτον.
429 526 474 561 Μὴ
491 526 591 566 ἀπέχου
610 528 766 563 ἐκκλησίας·
783 528 857 556 οὐδὲν

86 568 136 607 γὰρ
152 568 313 604 Ἐκκλησίας
328 571 505 610 ἰσχυρότερον.
517 571 550 601 ‘ll
565 573 638 605 ἐλπίς
653 584 698 602 σου
712 575 728 608 ἡ
744 573 856 607 Ἐκκλη-

85 614 146 650 σία,
162 616 178 650 ἡ
194 615 312 655 σωτηρία
323 628 369 645 σου
382 619 398 652 ἡ
414 617 562 654 Ἐκκλησία
573 640 580 654 ,
592 621 609 654 ἡ
624 620 761 658 καταφυγή
776 631 822 648 σου
838 622 854 654 ἠ

86 659 242 696 Ἐκκλησία.
263 663 318 691 Τοῦ
339 663 449 702 οὐρανοῦ
468 664 617 704 ὑψηλοτέρα
637 666 711 701 ἐστὶ,
737 667 783 700 τῆς
807 667 855 704 γῆς

84 707 237 746 πλατυτέρα
258 708 337 738 ἐστίν.
360 708 495 738 Οὐδέποτε
520 715 605 749 γηρᾷ,
628 711 669 739 ἀεὶ
691 711 718 740 δὲ
733 712 854 749 ἀκμάζει.

84 753 135 781 Διὰ
149 755 227 782 τοῦτο
246 754 276 782 τὸ
298 754 405 794 στερῤὸν
420 756 500 790 αὐτῆς
521 756 564 784 καὶ
580 757 723 785 ἀσάλευτον
739 757 855 792 δηλοῦσα

84 799 100 831 ἡ
113 798 205 838 Γραφὴ
217 799 275 838 ὄρος
290 800 370 835 αὐτὴν
385 802 460 829 καλεῖ
471 813 476 818 ·
489 800 539 831 ι’τὸ
554 802 674 841 ἄφθορον,
689 803 770 838 αὐτὴν
780 805 855 832 καλεῖ

84 844 210 883 παρθένον
224 857 230 863 ·
245 846 275 875 τὸ
286 847 441 881 πολυτελὲς,
457 847 613 885 βασίλισσαν
627 849 708 883 αὐτὴν
723 850 797 878 καλεῖ
808 863 813 868 -
826 850 856 878 τὸ

83 889 206 928 συγγενὲς
219 891 250 919 τὸ
263 891 328 929 πρὸς
339 892 382 922 τὸν
394 894 473 930 Θεὸν,
487 893 616 933 θυγατέρα
629 894 710 929 αὐτὴν
725 896 799 924 καλεῖ
809 908 815 914 ·
827 897 857 925 τὸ

82 935 234 974 πολύγονον,
250 941 354 977 στεῖραν
370 939 451 975 αὐτὴν
466 941 541 969 καλεῖ
555 939 693 969 τίκτουσαν
708 941 792 970 ἑπτά·
809 955 856 980 μυ-

85 981 127 1020 ρία
147 982 278 1020 ὀνόματα,
299 983 342 1012 ἵνα
365 985 524 1025 παραστήσῃ
545 988 626 1021 αὐτῆς
648 987 696 1022 τὴν
711 988 853 1027 εὐγένειαν.

83 1026 187 1067 Ὥσπερ
199 1028 250 1068 γὰρ
263 1031 276 1058 ὁ
291 1030 428 1067 Δεσπότης
448 1033 528 1067 αὐτῆς
546 1033 633 1061 πολλὰ
647 1034 763 1071 ὀνόματα
780 1035 834 1074 ἔχει
848 1047 853 1052 ·

83 1072 128 1101 καὶ
141 1073 230 1113 πατὴρ
245 1076 364 1104 καλεῖται
377 1097 384 1111 ,
398 1077 442 1106 καὶ
457 1078 512 1110 ὁδὸς
528 1080 664 1115 καλεῖται,
679 1080 724 1108 καὶ
738 1080 790 1115 ζωὴ
807 1093 853 1109 κα-

82 1119 176 1155 λεῖται,
199 1120 242 1148 καὶ
256 1123 310 1160 φῶς
323 1123 451 1158 καλεῖται,
466 1123 510 1152 καὶ
528 1124 644 1164 βραχίων
665 1127 793 1160 καλεῖται,
808 1127 853 1155 καὶ

81 1164 193 1202 ἷλασμὸς
211 1167 345 1202 καλεῖται,
366 1168 410 1196 καὶ
429 1169 546 1207 θεμέλιος
566 1171 705 1206 καλεῖται,
727 1173 771 1201 καὶ
787 1173 851 1212 θύρα

81 1211 213 1247 καλεῖται,
235 1212 279 1240 καὶ
300 1214 484 1253 ἀναμάρτητος
501 1218 641 1253 καλεῖται,
663 1219 707 1247 καὶ
722 1220 850 1259 θησαυρὸς

80 1257 209 1292 καλεῖται,
223 1257 267 1287 καὶ
281 1258 369 1298 κύριος
380 1261 510 1297 καλεῖται,
523 1262 566 1290 καὶ
579 1263 646 1296 Θεὸς
663 1265 792 1302 καλεῖται,
807 1266 851 1295 καὶ

79 1302 132 1336 υἱὸς
152 1305 290 1340 καλεῖται,
308 1305 353 1334 καὶ
375 1307 514 1345 μονογενὴς
537 1309 670 1344 καλεῖται,
697 1310 741 1339 καὶ
761 1312 848 1352 μορφὴ
861 1334 884 1352 ³9

912 395 1028 428 stupeas.
1043 391 1082 419 Ne
1095 391 1187 421 laudes
1199 392 1323 429 divitem,
1336 393 1383 422 scd
1395 404 1457 424 eum
1468 402 1570 424 tantum
1584 399 1630 435 qui

913 434 939 462 in
960 435 1064 473 justitia
1087 437 1165 467 vivit.
1182 440 1330 478 pauperem
1353 450 1386 468 nc
1409 440 1555 480 vituperes,
1583 443 1628 471 scd

911 480 981 509 circa
1001 493 1042 511 res
1063 493 1153 513 omnes
1171 483 1244 513 disce
1266 491 1336 513 recto
1360 492 1386 514 et
1413 486 1567 527 incorrupto
1592 490 1628 517 uti

908 526 1022 565 judicio.
1039 529 1079 557 Ab
1089 530 1198 559 ecclesia
1211 540 1243 559 ne
1254 531 1404 560 abstineas:
1417 533 1485 561 nihil
1496 535 1566 563 enim
1579 536 1628 563 sor-

910 571 963 600 tius
978 573 1106 604 Ecclesia.
1118 576 1185 614 Spes
1198 583 1242 605 tua
1256 576 1385 611 Ecclesia,
1400 579 1534 617 refugium
1550 587 1626 609 tuum
1680 587 1741 608 tantu
1758 597 1773 607 ι.

910 617 1039 648 Ecclesia.
1057 621 1132 651 Caelo
1145 623 1275 652 excelsior
1287 631 1312 653 et
1326 631 1408 653 terrra
1423 625 1500 654 latior
1514 633 1553 655 est
1567 626 1624 656 illa.
1637 620 1710 641 ¹·¹'''''⁵‘

910 663 1063 702 Numquam
1082 668 1201 703 senescit,
1217 668 1262 697 sed
1278 680 1382 709 semper
1395 671 1476 709 viget.
1490 673 1626 708 Quamob-

908 720 964 738 rem
990 712 1047 749 ejus
1078 713 1230 743 firmitatem
1258 716 1483 755 stabilitatemque
1515 718 1625 748 demon-

910 763 996 785 strans
1029 758 1167 797 Scriptura
1203 768 1319 790 montem
1346 762 1420 792 illam
1446 771 1542 802 vocat;
1570 767 1628 804 ejus

910 802 1202 842 incorruptibilitatem‚
1219 807 1337 846 appellat
1355 809 1505 847 virginem3
1522 811 1628 849 magni-

910 848 1042 877 ficentiam
1054 851 1113 888 ejus
1124 852 1220 889 reginae
1229 853 1335 882 nomine
1345 853 1479 890 deelarat3
1494 856 1628 894 cognatio-

883 906 887 911 ·
911 902 982 928 nem,
999 903 1079 931 quam
1094 904 1155 922 cuin
1170 895 1228 924 Deo
1242 896 1332 933 habet,
1353 898 1416 926 silice
1429 908 1495 927 voce
1509 898 1625 933 indicam

909 945 1019 978 propter
1033 949 1199 969 numerosam
1214 942 1316 981 prolem
1331 943 1405 972 illam
1416 944 1482 972 olim
1496 945 1624 981 sterilem,

908 993 979 1012 nunc
993 990 1070 1013 vocat
1083 994 1152 1021 eam,
1169 996 1228 1023 qua?
1244 987 1346 1026 peperit
1364 995 1465 1027 septem
1480 1001 1486 1016 :
1503 997 1625 1018 sexcenta

907 1028 1025 1066 nomina,
1042 1035 1069 1058 ut
1092 1031 1152 1068 ejus
1173 1032 1338 1062 nobilitatem
1358 1033 1467 1063 indicet.
1485 1036 1624 1071 Quemad-

907 1074 1016 1104 modum
1027 1075 1098 1104 enim
1106 1077 1238 1107 Dominus
1244 1079 1302 1117 ejus
1313 1079 1398 1108 multa
1408 1080 1488 1109 hahet
1496 1081 1622 1110 nomina:

906 1130 967 1149 nam
990 1128 1065 1160 pater
1087 1129 1208 1160 vocatur,
1235 1124 1289 1161 via,
1305 1126 1371 1160 vita,
1391 1125 1451 1163 lux,
1468 1127 1622 1162 brachium,

904 1168 1069 1206 propitiatio,
1087 1169 1305 1207 fundamcnuuu„
1315 1172 1415 1200 ostium
1428 1173 1621 1212 impeccabilis,

903 1213 1054 1251 thesaurus,
1078 1215 1213 1249 dominus,
1237 1218 1321 1252 Deus,
1348 1217 1432 1253 filius,
1456 1219 1621 1258 unigenitum

903 1258 987 1288 forma
1002 1261 1063 1297 Dei,
1076 1261 1162 1299 imago
1179 1262 1227 1291 Dei
1243 1275 1248 1290 ι
1266 1273 1298 1290 an
1313 1263 1412 1292 suflicit
1426 1274 1520 1293 nomen
1536 1275 1621 1293 unuin

886 1305 937 1345 „ad
953 1313 1037 1335 totum
1053 1307 1320 1346 repraesentandum?
1334 1309 1418 1338 Nullo
1432 1310 1512 1339 modo
1527 1323 1533 1338 ε
1548 1310 1623 1339 ideo-

79 1350 158 1385 Θεοῧ,
173 1350 218 1379 καὶ
231 1350 309 1379 εἰκὼν
324 1353 394 1381 Θεοῦ
415 1353 552 1382 καλεῖται·
569 1354 606 1392 μὴ
629 1357 704 1394 ἀρκεῖ
727 1356 753 1385 ἓν
768 1358 850 1396 ὄνομα
868 1362 887 1384 Λ
904 1362 955 1389 que
967 1363 1106 1387 innumera
1121 1361 1183 1382 sunt
1200 1354 1319 1389 nomina,
1337 1361 1366 1383 ut.
1379 1354 1414 1383 de
1427 1357 1484 1384 Deo
1500 1356 1545 1385 vel
1561 1363 1622 1384 tan-

78 1397 249 1435 παραστῆσαι
269 1397 299 1426 τὸ
313 1397 386 1433 ὁ’λον;
406 1399 538 1437 Οὐδαμῶς
548 1412 554 1418 ·
570 1401 638 1430 ἀλλὰ
653 1402 695 1430 διὰ
709 1406 784 1432 τοῦτο
800 1417 849 1442 μυ-

80 1441 123 1479 ρία
136 1443 261 1480 ὀνόματα,
274 1443 315 1472 ἵνα
331 1444 455 1483 μάθωμέν
469 1457 495 1474 τι
508 1446 569 1485 περὶ
586 1448 668 1482 Θεοῦ,
681 1449 730 1477 κᾶν
743 1451 847 1489 μικρόν.

78 1487 158 1515 Οὕτω
176 1488 206 1523 δὴ
220 1489 264 1517 καὶ
279 1491 295 1524 ἡ
311 1489 458 1525 Ἐκκλησία
471 1491 558 1521 πολλὰ
572 1494 700 1523 καλεῖται.
716 1496 849 1535 Παρθένος

77 1532 192 1571 λέγεται,
209 1535 254 1563 καὶ
273 1535 325 1573 μὴν
339 1536 421 1575 πόρνη
435 1532 467 1572 ἧν
481 1538 531 1577 πρὸ
549 1538 642 1568 τούτου
654 1552 660 1558 ·
675 1541 705 1570 τὸ
718 1541 769 1581 γὰρ
783 1545 847 1571 θαυ-

78 1579 177 1615 μαστὸν
193 1582 239 1608 τοῦ
253 1580 373 1620 νυμφίου,
394 1582 433 1611 ὅτι
455 1583 533 1612 ἔλαὸε
546 1585 653 1624 πόρνην,
676 1587 720 1615 καὶ
740 1588 847 1623 ἐποίησε

77 1625 212 1663 παρθένον.
235 1625 272 1655 Ὠ
301 1629 398 1656 καινῶν
427 1628 471 1657 καὶ
494 1630 647 1670 παραδόξων
673 1634 846 1672 πραγμάτων.

78 1669 166 1708 Γάμος
186 1673 250 1710 παρ’
265 1674 329 1710 ἡμῖν
345 1675 487 1712 παρθενίαν
502 1676 574 1713 λύει,
589 1677 672 1716 γάμος
686 1679 759 1718 παρὰ
784 1682 846 1720 Θεῷ

74 1717 217 1755 παρθενίαν
245 1719 383 1753 ἀνέστησε.
407 1721 476 1760 Παρ’
503 1721 567 1761 ἡμῖν
582 1726 599 1758 ἡ
615 1719 679 1753 οῧσα
698 1726 844 1764 παρθένος,

74 1763 238 1802 γαμουμένη,
252 1765 300 1793 οὐκ
313 1765 370 1794 ἔστι
384 1767 512 1806 παρθένος
524 1779 530 1786 ·
544 1769 618 1808 παρὰ
632 1771 739 1811 Χριστῷ
751 1774 767 1807 ἡ
780 1769 846 1802 οῧσα

73 1808 156 1848 πόρνη
166 1831 174 1845 ,
187 1811 341 1849 γαμουμένη
349 1834 356 1847 ,
371 1813 498 1852 παρθένος
510 1814 625 1853 γέγονεν.

113 1853 299 1894 Ἑρμηνευέτω
313 1859 326 1886 ὁ
341 1859 469 1898 αἱρετικὸς
485 1863 563 1889 τοῦτο
577 1861 664 1899 μόνον,
679 1865 692 1892 ὁ
705 1875 844 1904 περιεργα-

73 1900 179 1939 ζόμενος
191 1902 240 1937 τὴν
255 1903 309 1931 ἅνω
324 1904 453 1943 γέννησιν,
467 1905 512 1934 καὶ
526 1906 609 1945 λέγων
618 1919 625 1925 ·
637 1909 694 1941 πῶς
708 1910 844 1947 ἐγέννησεν

73 1950 87 1976 ὁ
101 1948 212 1988 Πατήρ,
226 1949 294 1978 Εἰπὲ
306 1951 377 1990 αὐτῷ
386 1963 392 1968 ·
404 1953 460 1984 πῶς
472 1954 489 1987 ἡ
505 1952 662 1989 Ἐκκλησία,
675 1955 758 1995 πόρνη
769 1952 843 1991 οὖσα,

72 1993 199 2032 παρθένος
221 1995 341 2033 ἐγένετο;
365 1999 422 2029 πῶς
445 1998 473 2026 δὲ
493 2001 510 2033 ἡ
533 1999 699 2037 γεννήσασα,
717 2002 843 2041 παρθένος

72 2039 174 2077 ἔμεινε;
188 2041 268 2076 Ζηλῶ
280 2041 330 2080 γὰρ
345 2043 412 2080 ὑμᾶς
425 2044 495 2073 Θεοῦ
508 2045 588 2084 ζήλῳ,
603 2047 617 2074 ὁ
631 2046 737 2079 Παῦλός
750 2059 843 2086 φησιν·

71 2085 232 2125 ἡρμοσάμην
245 2086 296 2126 γὰρ
310 2089 378 2125 ὑμᾶς
389 2088 426 2117 ἑνὶ
438 2089 512 2128 ἀνδρὶ
524 2091 650 2129 παρθένον
663 2091 744 2130 ἁγνὴν
758 2104 844 2132 παροι-

72 2133 168 2167 στῆσαι
179 2134 217 2171 τῷ
233 2133 352 2173 Χριστῷ.
363 2133 400 2162 Ὠ
413 2134 491 2172 σοφία
506 2135 550 2164 καὶ
565 2136 676 2170 σύνεσις.
697 2139 778 2172 Ζηλῶ
792 2138 842 2178 γὰρ

70 2179 139 2216 ὑμᾶς
152 2180 222 2208 Θεοῦ
235 2179 314 2219 ζήλῳ.
327 2181 362 2209 Τί
373 2182 429 2210 ἐστι
444 2183 520 2210 τοῦτο
531 2194 538 2217 ;
550 2183 726 2223 Ζηλῶ,λε’γει.
737 2185 842 2220 Ζηλοῖς,

70 2227 84 2254 ὁ
100 2225 292 2263 πνευματικός,
312 2227 393 2261 Ζηλῶ
411 2226 480 2266 γὰρ,
495 2228 582 2267 λέγει,
599 2230 635 2262 ὣς
655 2232 672 2258 ὁ
691 2230 768 2264 Θεός.
788 2232 842 2260 Καὶ

69 2270 138 2304 Θεὸς
149 2272 238 2308 ζηλοῖ;
254 2271 307 2301 Ναὶ
317 2294 325 2307 ,
348 2273 438 2309 ζηλοῖ,
452 2274 481 2302 οὗ
497 2274 585 2309 πάθει,
597 2275 666 2304 ἀλλὰ
680 2276 785 2314 ἀγάπῃ,
798 2278 842 2306 καὶ

70 2317 224 2356 ζηλοτυπίᾳ.
241 2318 322 2353 Ζηλῶ
344 2318 395 2357 γὰρ
413 2320 481 2357 ὑμᾶς
494 2321 564 2349 Θεοῦ
587 2320 670 2361 ζήλῳ.
692 2322 770 2351 Εἴπω
787 2335 841 2358 σοι,

68 2363 125 2395 πῶς
143 2363 232 2399 ζηλοί;
248 2359 324 2392 Εἶδεν
338 2364 389 2393 ὑπὸ
407 2365 537 2403 δαιμόνων
559 2367 775 2406 διαφθειρομένην
794 2368 841 2403 τὴν

69 2409 128 2445 γῆν,
149 2408 251 2438 καὶτὸν
271 2409 335 2438 Υἱὸν
351 2412 429 2439 αὐτοῦ
452 2411 571 2444 ἐξέδωκε.
594 2413 619 2440 Τ
622 2412 637 2441 ὰ
661 2413 711 2452 γὰρ
734 2414 840 2452 ῥήματα

70 2453 112 2481 ἐπὶ
137 2456 183 2482 τοῦ
205 2456 274 2484 Θεοῦ
297 2456 426 2494 λεγόμενα
451 2458 479 2485 οὖ
505 2457 552 2492 τὴν
570 2458 650 2493 αὐτὴν
666 2459 720 2498 ἔχει
742 2460 817 2499 ἰσχύν
833 2473 838 2478 ·

903 1398 992 1426 tilium
1007 1398 1168 1428 ediseamus.
1179 1400 1225 1429 Sic
1233 1406 1257 1428 et
1271 1400 1391 1429 Ecclesia
1405 1401 1498 1430 multis
1509 1409 1621 1431 vocatur

903 1444 1066 1473 nominibus.
1082 1445 1170 1484 Virgo
1183 1445 1346 1485 appellatur,
1361 1457 1421 1484 quae
1436 1454 1522 1476 tamen
1544 1448 1621 1487 prius

902 1490 1031 1519 meretrix
1043 1498 1113 1520 erat:
1125 1502 1198 1527 nam,
1208 1491 1281 1530 quod
1291 1491 1317 1520 in
1329 1502 1426 1531 sponso
1437 1493 1561 1523 mirabile
1569 1502 1618 1527 est,

902 1537 1003 1575 accepit
1026 1537 1203 1573 meretricem,
1219 1545 1245 1566 et
1258 1538 1345 1566 effecit
1364 1538 1509 1577 virginem.
1524 1541 1549 1569 Ο
1564 1551 1620 1569 rem

902 1591 999 1611 novam
1013 1589 1038 1611 ct
1051 1582 1250 1612 admirabilem!
1266 1585 1375 1623 Nuptiae
1389 1585 1463 1624 apud
1477 1595 1524 1614 nos
1537 1587 1617 1625 virgi-

901 1627 1008 1656 nitatem
1022 1628 1141 1665 solvunt,
1153 1629 1253 1668 nuptiae
1260 1629 1333 1669 apud
1342 1631 1427 1659 Deum
1436 1631 1618 1670 virginitatem

900 1673 1067 1702 resuscitant.
1082 1673 1163 1713 Apud
1174 1684 1222 1702 nos
1233 1685 1292 1712 quae
1302 1674 1378 1713 virgo
1385 1683 1451 1710 erat,
1459 1683 1555 1715 nupta,
1565 1687 1617 1706 non

899 1727 939 1748 est
953 1720 1047 1759 virgo3
1063 1719 1136 1759 apud
1159 1720 1297 1749 Christum
1321 1732 1381 1759 quae
1405 1723 1531 1752 meretrix
1551 1730 1616 1754 erat,

900 1772 994 1804 nupta,
1010 1766 1087 1806 virgo
1101 1766 1227 1795 efficitur.

939 1864 969 1891 7.
985 1863 1042 1892 Hoc
1062 1862 1151 1891 solum
1165 1862 1246 1891 velim
1265 1862 1453 1901 interpretetur
1465 1863 1615 1899 haereticus,

899 1908 947 1947 qui
970 1908 1004 1936 de
1028 1917 1143 1947 superna
1158 1907 1328 1947 generatione
1342 1909 1475 1945 curiosius
1490 1910 1614 1948 inquirit,

898 1964 929 1982 ac
943 1953 1020 1990 dicit,
1036 1953 1179 1990 Quomodo
1193 1953 1284 1991 genuit
1298 1953 1395 1982 Pater?
1408 1954 1459 1983 Dic
1473 1955 1526 1992 illi,
1543 1958 1616 1993 Quo-

899 1999 979 2028 modo
993 1999 1124 2033 Ecclesia,
1138 2008 1197 2036 quoe
1211 1999 1337 2027 meretrix
1351 2006 1417 2034 erat,
1432 1999 1510 2039 virgo
1523 2002 1615 2031 effecta

899 2045 956 2073 est?
966 2044 1101 2082 quomodo
1111 2044 1169 2078 illa,
1181 2054 1240 2080 quoe
1247 2046 1350 2082 genuit,
1359 2045 1436 2083 virgo
1447 2048 1615 2085 permansit?

899 2090 1040 2119 AEmulor
1059 2092 1138 2118 enim
1158 2099 1212 2118 vos
1235 2091 1292 2118 Dei
1313 2091 1510 2129 oernztlatione,
1526 2093 1647 2132 inquit2,
1664 2106 1763 2127 comt,

899 2136 1015 2173 Paulus3
1032 2136 1174 2174 despondi
1190 2137 1267 2164 enim
1287 2146 1342 2164 vos
1359 2138 1411 2164 uni
1429 2139 1506 2175 viro,
1521 2141 1613 2179 virgi-
1625 2144 1646 2159 2·

900 2192 966 2210 nem
985 2189 1094 2210 castam
1113 2182 1250 2210 exhibere
1271 2182 1396 2212 Christo.
1411 2184 1435 2212 O
1453 2185 1612 2224 sapientiam

897 2234 923 2256 et
933 2226 1136 2266 intelligentiam
1147 2225 1154 2254 Σ
1167 2226 1303 2255 AEmulor
1309 2228 1385 2256 enim
1394 2239 1448 2257 vos
1458 2229 1514 2257 Dei
1526 2241 1613 2260 aemu-

899 2273 1017 2302 latione.
1030 2271 1106 2309 Quid
1121 2272 1172 2301 hoc
1184 2272 1243 2300 est?
1253 2272 1398 2308 AEmulor‚
1410 2273 1508 2312 inquit.
1521 2275 1614 2305 AEmu-

897 2319 961 2348 laris
985 2326 1026 2355 tu,
1053 2319 1100 2357 qui
1121 2317 1270 2357 spiritualis
1295 2318 1346 2346 es?
1364 2319 1506 2349 AEmulor
1525 2324 1612 2358 enim,

897 2365 994 2404 inquit,
1005 2372 1035 2394 ut
1043 2364 1241 2403 Deus.Ergone
1252 2365 1325 2393 Deus
1336 2365 1500 2395 aemulatur?
1510 2368 1611 2402 Etiam,

898 2412 1051 2447 aemulatur,
1074 2420 1126 2439 non
1149 2410 1231 2439 animi
1244 2410 1363 2446 -morbo‚
1386 2411 1432 2439 sed
1456 2413 1564 2443 caritate
1588 2422 1613 2443 et

895 2462 1176 2502 zelotypia..Emulor
1190 2462 1267 2489 enim
1279 2470 1333 2488 vos
1342 2460 1400 2488 Dei
1411 2463 1609 2492 (emulatione.

92 2552 101 2562 ³
113 2544 154 2569 Sic
161 2550 194 2576 μὴ
208 2549 289 2572 ἐπαίνει
299 2556 385 2572 omnes
397 2554 421 2572 et
431 2548 506 2573 Savil*
517 2548 669 2574 Moret.vcro
683 2555 718 2576 καὶ
731 2555 821 2578 ἐπαίνει.
852 2553 961 2579 Benedd.
980 2568 981 2571 =
998 2553 1082 2579 noret.
1093 2560 1118 2579 et
1131 2553 1219 2579 nonis.
1235 2557 1270 2579 καὶ
1284 2558 1335 2588 ²”:⁴⁰·
1353 2566 1374 2579 α.
1390 2566 1420 2583 a,
1435 2555 1473 2584 m]

92 2583 174 2614 ¹¹[Sic
190 2583 303 2610 dedimus
319 2594 333 2610 e
352 2587 427 2612 Smit.
443 2596 518 2619 quam
539 2587 669 2613 tectionem
695 2596 820 2616 verterunt
