1830 2829
594 181 623 203 ΙΝ
655 182 773 212 ΙΙ,Ι.Ι“Ι),
805 184 903 206 vivut
937 185 1109 208 tihtus‘rttt.
1546 183 1613 227 717⁴.)

77 236 176 273 μᾶλλον
190 238 225 271 εἰς
236 238 278 267 τὸν
289 240 459 278 γεγεννηκότα
468 263 474 274 ,
487 241 530 269 καὶ
541 243 576 274 εἰς
587 242 634 277 τὴν
650 245 741 273 ἑαυτοῦ
751 245 838 283 ψυχὴν

77 283 268 321 ἐμπαροινῆσαι
284 285 429 319 δυνήσεται.

119 328 163 362 Μὴ
179 329 262 357 τοίνυν
285 331 434 367 ἀμελῶμεν,
450 333 543 365 εἰδότες
566 334 607 363 ὅτι
621 337 672 363 τῶν
692 336 758 364 κατὰ
774 337 840 365 (θεὸν

75 372 160 405 αὐτοῖς
180 370 207 402 ⁵3
233 375 417 413 διακειμένων,
433 378 477 406 καὶ
496 379 563 406 κατὰ
586 380 629 408 τὸν
652 381 770 419 παρόντα
788 381 843 419 βίον

76 417 177 446 ἔσονται
203 420 334 458 εὐδόκιμοι
356 422 401 450 καὶ
419 423 546 461 λαμπροί.
560 425 613 453 Τὸν
635 426 684 463 γὰρ
700 428 779 465 ἀρετῇ
803 439 846 456 συ·

74 464 158 495 ζῶντα
183 464 226 492 καὶ
249 466 375 505 ἐπιεικείᾳ
395 468 490 500 πάντες
512 470 644 498 αἰδοῦνται
667 471 712 499 καὶ
732 475 845 509 τιμῶσι,

74 507 121 535 κᾶν
143 509 264 537 ἁπάντων
284 511 436 550 πενέστερος
450 509 483 551 ᾗ,
498 513 588 554 ὥσπερ
603 511 645 544 οῦν
667 517 711 544 τὸν
732 518 844 556 πονηρὸν

75 554 120 581 καὶ
141 554 346 594 διεστραμμένον
361 559 553 598 ἀποστρέφουσι
570 561 614 589 καὶ
632 565 750 598 μισοῦσιν
763 563 845 591 ἅπαν-

74 609 129 633 τες,
154 599 201 627 κᾶν
224 601 346 639 εὐπορίαν
370 605 385 641 ᾐ
416 605 573 641 κεκτημένος
599 606 708 640 πολλήν.
731 610 771 636 Οὐ
792 613 845 640 τοῖς
864 619 881 641 Β

75 644 163 677 ἄλλοις
176 644 202 674 δὲ
218 646 296 682 μόνον
310 647 457 685 ἀνθρώποις
471 649 544 677 ἔσται
559 651 703 688 αἰδέσιμος,
719 653 787 680 ἀλλὰ
802 654 846 681 καὶ

74 689 115 718 σοὶ
131 692 168 728 τῷ
187 693 354 730 γεγεννηκότι
377 694 567 734 ποθεινότερος,
587 696 656 731 πλὴν
680 699 726 731 τ’ῆς
747 698 848 737 φύσεως

73 737 121 764 οὐκ
135 736 261 765 ἐλάττονα
281 738 372 777 ἑτέραν
394 740 515 768 ὑπόθεσιν
538 741 605 780 ἔχων
623 743 687 781 πρὸς
708 744 737 771 τὸ
760 746 845 782 φιλεῖ-

74 784 135 810 σθαι
153 783 199 817 τὴν
228 784 337 821 ἀρετήν’
354 786 383 813 οὐ
404 785 581 825 ποθεινότερος
611 787 637 816 δὲ
664 788 753 825 μόνον,
778 790 845 819 ἀλλὰ

73 827 118 855 καὶ
141 829 339 868 χρησιμιῖιτερος
363 830 437 858 ἔσται
460 842 500 859 σοι
522 833 681 871 θεραπεύων,
708 835 845 870 δουλεύων,

72 876 237 913 γηροκομῶν.
252 873 358 914 Ἵὶσπερ
372 875 423 915 γὰρ
439 877 462 904 οἱ
478 878 539 916 περὶ
554 878 599 907 τὸν
613 878 681 907 Θεὸν
698 881 845 918 ἀγνώμονες

72 919 182 947 καὶτῶν
202 920 395 958 γεγεννηκότων
417 926 637 962 καταφρονοῦσιν·
659 925 741 958 οὕτως
764 930 787 956 οἱ
801 928 844 956 τὸν

71 965 234 1000 πεποιηκότα
252 966 451 1004 θεραπεύοντες,
466 969 492 996 ἐν
509 970 594 1008 πολλῇ
616 971 660 999 καὶ
683 971 742 1004 τοὺς
759 985 845 1011 γεγεν-

71 1010 182 1045 νηκότας
196 1011 326 1050 ἔχουσιτῇ
340 1015 415 1051 τιμῇ.
430 1013 489 1042 Ἵνα
502 1011 545 1043 οῦν
561 1016 606 1044 καὶ
620 1017 694 1055 παρὰ
708 1020 768 1057 Θεῷ
779 1042 786 1054 ,
799 1020 843 1048 καὶ

70 1056 143 1095 παρὰ
164 1056 310 1094 ἀνθρώποις
324 1058 463 1097 εὐδοκιμῇ,
485 1060 530 1088 καί
554 1072 594 1089 σοι
609 1063 656 1096 τὴν
671 1063 739 1097 ζωὴν
754 1066 844 1098 ἡδεῖαν

70 1104 133 1139 ποιῇ
143 1123 150 1133 .
165 1102 210 1129 καὶ
224 1105 270 1136 τῆς
287 1104 432 1140 μελλούσης
453 1106 610 1144 ἀπαλλάττῃ
625 1108 771 1145 κολάσεως,
788 1116 841 1139 πᾶ-

71 1157 121 1174 σαν
147 1147 311 1176 ἐπιδείκνυσο
330 1149 389 1187 περὶ
407 1150 483 1178 αὐτὸν
504 1150 551 1184 τὴν
569 1153 693 1187 σπουδήν.
710 1153 774 1183 ιΌτι
792 1155 843 1195 γὰρ

69 1194 93 1220 οἱ
105 1194 157 1220 τῶν
175 1193 278 1221 παίδων
294 1195 467 1231 ἀμελοῦντες,
482 1196 529 1224 κᾶν
543 1197 627 1226 τᾶλλα
641 1193 705 1227 ὦσιν
719 1201 842 1234 ἐπιεικεῖς

70 1238 115 1266 καὶ
130 1238 247 1276 μέτριοι,
264 1239 307 1267 διὰ
328 1240 425 1275 ταύτην
440 1241 487 1275 τὴν
505 1243 636 1280 ἁμαρτίαν
658 1244 706 1279 τὴν
727 1248 842 1285 ἐσχάτην

67 1284 261 1318 ὒποστήσονται
288 1284 373 1320 δίκην,
399 1287 515 1325 ἱστορίαν
540 1288 581 1316 σοί
601 1301 660 1318 τινα
680 1291 841 1330 διηγήσομαι

67 1329 192 1358 παλαιάν.
207 1328 303 1368 Ἱερεύς
316 1342 355 1363 τις
371 1327 402 1366 ἦν
418 1332 491 1371 παρὰ
502 1337 556 1365 τοῖς
576 1334 711 1369 Ἰουδαίοις
724 1338 841 1373 ἐπιεικὴς

68 1373 101 1402 τὰ
123 1375 192 1403 ἄλλα
217 1375 262 1403 καὶ
287 1375 405 1416 μέτριος,
425 1377 501 1406 'met
525 1381 563 1418 τῷ
586 1381 703 1418 ὀνόματι.
720 1378 771 1411 ἵΗν
795 1380 838 1413 οῦν

68 1415 140 1452 οὗτος
153 1420 228 1448 Ἠλεὶ
248 1420 291 1449 δύο
316 1422 411 1455 παῖδας
434 1423 502 1462 ἔχων
524 1426 560 1457 εἰς
580 1425 690 1464 ἔσχατον
711 1429 837 1468 πονηρίας

68 1466 243 1500 ἐληλακότας·
261 1468 289 1495 οὗ
312 1472 420 1506 κατεῖχε
441 1469 484 1503 δὲ,
510 1471 566 1499 οὐδὲ
594 1472 709 1501 {xmus-
737 1477 836 1512 μᾶλλον

68 1510 95 1539 δὲ
114 1516 220 1549 κατεῖχε
236 1512 282 1549 μὲν
301 1513 345 1541 καὶ
359 1514 480 1550 ἐκώλυεν,
495 1517 523 1544 οὐ
538 1516 605 1553 μετὰ
627 1520 674 1552 τῆς
689 1522 836 1559 προσηκού-

68 1567 116 1589 σης
132 1556 158 1584 δὲ
173 1557 308 1595 ἀκριὸείας
322 1558 366 1586 καὶ
388 1560 570 1599 σφοδρότητος.
585 1563 648 1592 Δέον
666 1565 717 1603 γὰρ
741 1579 836 1604 μαστι-

68 1603 167 1638 γῶσαι,
183 1603 230 1635 τῆς
244 1602 367 1641 πατρῴας
381 1604 500 1634 ἐκὸαλεῐν
515 1608 598 1640 οἰκίας
609 1632 616 1644 ‚
634 1610 720 1639 πάντα
733 1613 835 1640 ἐπιδεί-

68 1645 159 1691 ξασθαι
181 1647 342 1685 διορθώσεως
355 1649 461 1688 τρόπον,
475 1652 587 1691 παρῄνει
603 1655 647 1690 καὶ
669 1657 835 1687 συνεὸούλευε

69 1690 157 1727 μόνον,
169 1691 237 1720 οὕτω
250 1692 348 1731 λέγων·
364 1695 425 1731 Μὴ,
445 1697 523 1725 τέκνα
533 1721 540 1732 ,
560 1700 596 1736 μὴ
618 1705 716 1731 ποιεῖτε
737 1703 818 1736 οὕτως
829 1716 835 1722 ·

67 1737 107 1764 ὅτι
121 1738 168 1765 οὐκ
183 1737 267 1776 ἀγαθὴ
282 1741 298 1773 ἡ
315 1739 395 1775 ἀκοὴ,
410 1741 508 1780 ἣνέγὼ
523 1745 610 1774 ἀκούω
628 1747 687 1786 περὶ
703 1751 784 1786 ὑμῶν.
800 1750 835 1779 Τί

66 1781 164 1819 λέγεις;
189 1782 233 1812 τὸν
254 1784 392 1821 Δεσπότην
415 1786 535 1826 ὖὸρισαν,
553 1791 596 1819 καὶ
621 1792 699 1821 τέκνα
731 1797 834 1832 καλεῖς;

65 1826 197 1864 ἠγνόησαν
213 1828 257 1856 τὸν
278 1831 456 1868 πεποιηκότα,
475 1835 520 1862 καὶ
540 1836 570 1864 σὺ
588 1838 769 1876 ἐπιγινώσκεις
789 1843 835 1870 αὐ-

67 1873 118 1899 τῶν
132 1871 180 1906 τὴν
200 1874 366 1912 συγγένειαν;
380 1877 432 1905 Δια
452 1880 528 1910 τοῦτο’
546 1892 633 1920 φησιν,
644 1884 685 1912 ὅτι
704 1887 749 1914 οὐκ
764 1888 833 1915 ἐνου-

66 1916 134 1945 θέτει
158 1918 262 1951 αὐτούς·
283 1921 401 1949 νουθεσία
425 1923 477 1962 γάρ
504 1926 584 1961 ἐστιν,
609 1929 655 1956 οὐκ
679 1929 723 1958 ἐὰν
744 1932 834 1965 ἁπλῶς

65 1962 311 2001 συμὸουλεύσωμεν,
337 1967 394 1995 ἀλλ’
420 1969 464 1997 ἐὰν
487 1972 656 2011 σφοδρότερον
676 1975 721 2003 καὶ
746 1978 832 2014 τομώ-

63 2017 137 2045 τερον
150 2007 200 2045 ζκαὶ
214 2008 277 2043 ὅσην
297 2012 313 2043 ἡ
337 2014 382 2039 τοῦ
398 2013 547 2051 τραύματος
572 2019 677 2047 ἀπαιτεῖ
700 2022 832 2058 σηπεδὼν,

63 2052 192 2087 τοσαύτην
209 2055 385 2093 ἐπαγάγωμεν
406 2058 454 2093 τὴν
468 2061 581 2099 πληγήν.
597 2064 637 2091 Οὔ
657 2064 742 2094 τοίνυν
757 2069 832 2105 ἀρκεῖ

63 2096 94 2125 τὸ
108 2098 202 2132 εἰπεῖν,
215 2098 272 2126 οὐδὲ
287 2100 316 2128 τὸ
329 2103 486 2140 παραινέσαι
509 2106 595 2142 μόνον,
609 2109 677 2147 ἀλλᾲ
692 2111 735 2139 καὶ
750 2112 830 2141 πολὺν

64 2143 225 2181 ἐπιτειχίσαι
247 2144 285 2172 δεῖ
309 2146 352 2173 τὸν
381 2147 470 2185 φόὸον,
488 2150 557 2179 ὥστε
572 2152 618 2187 τὴν
640 2156 687 2188 τῆς
712 2157 832 2192 νεότητος

63 2188 205 2227 περικόψαι
219 2190 357 2228 ῥᾳθυμίαν.
370 2191 447 2222 Ἐπεὶ
459 2191 501 2223 οῦν
513 2197 626 2236 παρῄνει
637 2199 693 2236 μὲν,
707 2201 734 2228 οὐ
745 2203 830 2241 παρῄ-

63 2243 100 2260 νει
123 2232 149 2260 δὲ
173 2234 207 2264 ὡς
233 2234 298 2270 ἔδει,
313 2241 367 2268 τοῖς
385 2240 519 2277 πολεμίοις
537 2243 626 2275 αὐτοὺς
647 2244 771 2280 ἐξέδωκε,
786 2248 830 2276 καὶ

64 2277 152 2316 μάχης
165 2279 305 2316 γενομένης
329 2282 421 2312 ἔπεσον
447 2286 491 2314 ἐπὶ
512 2289 558 2321 τῆς
582 2290 767 2327 παρατάξεως,
786 2294 830 2322 καὶ
857 2299 864 2310 ·“

62 2322 110 2357 τὴν
122 2324 245 2361 ἀγγελίαν
269 2328 315 2355 οὐκ
329 2328 452 2366 ἐνεγκὼν,
468 2332 554 2360 πεσὼν
572 2335 709 2373 συνετρίὸη
726 2338 771 2365 καὶ
786 2341 830 2367 αὐ-

62 2368 105 2400 τὸς
123 2369 167 2396 καὶ
188 2370 323 2401 ἀπέθανεν.
339 2373 421 2413 (Ορᾷς
441 2376 481 2404 ὅτι
499 2378 605 2411 δικαίως
628 2375 708 2416 εἷπον,
723 2382 763 2410 ὅτι
785 2385 829 2413 καὶ

63 2413 227 2443 παιδοκτόνοι
252 2418 276 2444 οἱ
297 2419 409 2458 πατέρες
431 2422 504 2457 εἰσὶν,
523 2425 547 2451 οἱ
573 2424 610 2461 μὴ
636 2427 753 2464 σφοδρῶς
776 2434 830 2462 τοῖς

65 2458 149 2486 αὐτῶν
164 2462 322 2499 κεχρημένοι
343 2466 418 2495 παισὶ
432 2469 588 2505 ῥᾳθυμοῦσι,
610 2472 676 2507 μηδὲ
692 2472 740 2507 τὴν
761 2476 829 2505 κατὰ

64 2503 131 2531 Θεὸν
160 2505 327 2541 ἀπαιτοῦντες
351 2510 443 2544 αὐτοὺς
465 2513 617 2550 εὐλάέειανς
634 2516 714 2544 Οὕτω
734 2522 795 2556 γοῦν
816 2523 830 2549 ὁ

64 2547 140 2577 Ἠλεὶ
153 2551 322 2586 παιδοκτόνος
335 2555 444 2593 ἐγένετο.
461 2558 493 2586 Εἴ
507 2558 557 2597 γὰρ
580 2561 602 2587 οἱ
617 2562 739 2599 πολέμιοι
754 2567 830 2595 κατέ-

901 245 926 273 iu
939 253 1040 285 patrem
1051 258 1129 276 suum
1140 249 1202 277 etin
1214 260 1289 278 suam
1303 251 1386 289 ipsius
1396 253 1511 282 animam
1521 262 1615 283 contu—

895 291 1021 319 meliosus
1030 299 1055 320 ct
1070 293 1185 321 insolens
1197 304 1252 322 esse
1266 296 1372 334 poterit.

936 342 965 369 8.
979 343 1018 370 Ne
1032 343 1117 380 igitur
1131 351 1411 382 contetntiatntts,C1tnl
1420 349 1536 379 sciamus
1547 351 1612 388 sore,

900 392 927 412 ut
942 385 963 413 si
979 397 1039 424 erga
1057 388 1143 416 Deum
1155 396 1224 417 recte
1238 402 1265 417 se
1278 392 1421 429 gesserint,
1438 395 1517 422 etiam
1540 395 1565 423 in
1583 396 1615 424 iis

899 441 958 468 quae
983 432 1016 460 ad
1041 433 1110 461 haue
1125 434 1209 463 vitam
1233 436 1365 474 1(·rlinent
1386 438 1501 467 celebres
1516 440 1568 469 siut
1589 448 1615 469 et

898 476 1025 505 illustres.
1040 479 1093 513 Qui
1106 479 1176 508 cuim
1190 481 1342 510 vit-<uncum
1359 483 1458 512 virtute
1467 485 1613 515 mode-‹ua-

899 532 950 558 que
964 523 1097 557 traducit,
1120 536 1180 553 eum
1196 536 1285 554 omues
1302 536 1454 557 reverentur
1467 537 1491 558 ct
1513 531 1613 567 colunt,

898 566 931 594 sit
946 567 1006 596 licet
1021 569 1141 598 omnium
1156 573 1343 610 pauperrimus
1353 596 1359 608 ⁷
1373 574 1439 603 sicut
1461 576 1614 615 improbum

898 622 928 639 ac
942 613 1117 652 depravatum
1130 625 1288 646 aversantur
1306 626 1330 646 et
1343 619 1404 648 odio
1418 631 1615 660 prosequuntur

898 669 1003 694 omnes,
1018 660 1078 688 licet
1100 663 1196 700 opibus
1220 664 1312 692 multis
1328 666 1506 696 circumfluat.
1524 669 1615 707 Neque

898 704 985 732 solum
1003 706 1103 734 caeteris
1126 707 1279 737 horninibus
1301 712 1468 741 venerandus
1487 714 1551 749 crit,
1568 715 1614 743 sed

897 749 946 776 tibi
959 752 1125 789 ejusparcuti
1142 754 1191 781 erit
1207 754 1302 791 carior,
1315 766 1375 784 eum
1387 765 1482 795 praeter
1491 767 1615 789 naturam

898 795 984 823 nihilo
1016 797 1145 826 minorem
1174 799 1269 828 habeat
1298 802 1461 831 occasionem
1490 806 1590 834 amoris
1603 828 1612 842 ,

897 841 983 880 ipsam
998 843 1126 872 virtutem
1138 857 1143 870 τ
1157 856 1240 884 neque
1255 858 1317 875 vcro
1326 848 1411 876 solum
1426 849 1520 886 carior,
1533 851 1579 879 sed
1589 859 1615 879 et

898 887 990 915 utilior
1000 889 1050 917 erit
1061 889 1110 917 tibi
1123 890 1186 918 dum
1201 892 1277 929 colet,
1289 893 1353 921 dum
1365 894 1498 931 inserviet,
1509 897 1574 925 (lum
1586 897 1613 925 in

896 940 1027 962 senectute
1040 937 1208 965 sustentabit.
1222 939 1259 967 Ut
1273 939 1343 967 cuim
1352 940 1398 978 qui
1410 947 1471 968 sunt
1489 941 1514 969 in
1527 943 1615 971 Deum

896 978 990 1017 injurii
1006 987 1030 1009 et
1043 981 1156 1020 ingrati,
1171 984 1251 1012 etiam
1273 993 1393 1024 parentes
1413 995 1589 1026 aspernantur
1607 1001 1611 1016 :

896 1024 931 1053 ita
943 1026 988 1063 qui
1004 1038 1083 1056 suum
1100 1029 1270 1059 Conditorem
1283 1032 1385 1069 colunt,
1398 1032 1530 1070 ingentem
1542 1035 1615 1072 geni-

895 1071 998 1099 toribus
1025 1074 1079 1102 suis
1104 1074 1230 1103 honorem
1252 1076 1384 1106 (leserunt.
1412 1080 1448 1107 [t
1478 1079 1561 1118 igitur
1587 1088 1613 1108 et

894 1117 966 1154 apud
983 1119 1070 1147 Deum
1084 1126 1108 1148 et
1123 1121 1195 1159 apud
1208 1121 1328 1151 homines
1342 1123 1409 1152 bene
1424 1125 1530 1162 audias,
1546 1126 1611 1154 tihi-

895 1174 946 1200 que
972 1164 1054 1192 vitam
1075 1165 1222 1204 jucundam
1238 1168 1336 1204 facias,
1359 1180 1389 1197 ae
1403 1170 1501 1199 futuris
1526 1172 1611 1210 poenis

894 1208 1026 1245 libereris,
1042 1211 1114 1238 omni
1130 1211 1218 1250 ipsum
1235 1213 1323 1241 studio
1338 1214 1402 1243 cole.
1414 1216 1482 1244 Nam
1494 1227 1538 1245 eos
1551 1218 1611 1255 qui-

895 1253 956 1282 dem
973 1255 1018 1293 qui
1029 1255 1176 1285 liberorum
1186 1268 1276 1286 curam
1288 1269 1338 1287 non
1353 1261 1491 1297 gesserint,
1507 1264 1611 1291 tametsi

895 1301 1054 1338 caeteroquin
1078 1302 1191 1330 modesti
1214 1304 1311 1332 fuerint
1330 1312 1410 1342 atque
1423 1306 1561 1342 moderati,
1576 1309 1610 1336 ob

894 1345 967 1374 istud
982 1353 1118 1384 peccatum
1142 1358 1232 1386 poenas
1246 1350 1419 1387 gravissimas
1434 1352 1558 1390 luituros,
1575 1364 1609 1382 ex

893 1392 974 1419 veleri
986 1392 1116 1420 constabit
1125 1393 1244 1429 historia⁷
1257 1406 1337 1432 quam
1347 1397 1471 1425 narrabo.
1481 1398 1609 1427 Sacerdos

893 1436 942 1464 fuit
962 1437 1073 1474 quidam
1097 1438 1169 1477 apud
1189 1439 1298 1468 Judaeos
1325 1443 1486 1480 czeterequin
1513 1444 1607 1473 mode-

893 1488 963 1517 stus,
982 1493 1012 1510 ac,
1028 1483 1109 1516 lenis,
1134 1484 1192 1512 Heli
1210 1486 1327 1514 nomine.
1345 1487 1413 1515 Huic
1437 1488 1520 1526 igitur
1546 1490 1606 1519 Heli
1622 1500 1640 1514 ¹-
1655 1495 1712 1523 Reg.
1726 1504 1745 1517 ²-

891 1526 945 1554 duo
969 1527 1076 1556 fuerunt
1093 1529 1190 1566 liberi,
1216 1531 1262 1568 qui
1287 1530 1320 1559 ad
1343 1542 1479 1562 summum
1500 1535 1604 1574 impro-
1625 1531 1659 1549 ¹¹¹

891 1572 983 1601 bitatis
997 1573 1132 1612 fastigium
1147 1584 1322 1614 pervenerant
1340 1589 1345 1604 ε
1360 1578 1420 1606 illos
1441 1587 1530 1609 autem
1555 1592 1606 1610 non

892 1618 1053 1656 reprimebat
1069 1620 1128 1654 illc,
1142 1631 1189 1649 nec
1212 1622 1371 1660 prohibebat
1384 1635 1390 1651 t
1409 1625 1462 1653 imo
1478 1636 1539 1654 vero
1563 1638 1606 1655 re-

890 1664 1024 1702 primebat
1048 1665 1094 1694 ille
1117 1666 1225 1704 quiden]
1235 1690 1242 1701 ,
1253 1675 1333 1706 atque
1359 1670 1535 1708 prohibebat,
1561 1673 1606 1701 scil

891 1719 941 1737 non
957 1716 1030 1738 tanta
1043 1721 1103 1739 cum
1117 1711 1255 1750 diligentia
1273 1720 1298 1741 et
1316 1715 1495 1751 vehementia,
1509 1725 1606 1755 quanta

890 1765 957 1793 opus
976 1756 1034 1784 fuit.
1061 1757 1130 1785 Cum
1145 1757 1216 1786 enirn
1230 1759 1321 1797 flagris
1338 1761 1438 1789 caedere
1459 1762 1605 1800 debuisset,

889 1800 969 1829 domo
982 1809 1089 1840 paterna
1108 1803 1213 1842 ejicere,
1235 1815 1339 1833 omnem
1361 1809 1530 1837 correctionis
1546 1821 1607 1837 mo-

890 1845 955 1874 dum
967 1847 1103 1880 adhibere,
1114 1849 1303 1878 cohortabatur
1315 1852 1400 1880 solum
1413 1860 1438 1881 et
1451 1855 1606 1883 consulebat

890 1891 925 1918 ita
939 1891 1030 1920 dicens
1041 1904 1047 1919 :
1059 1894 1182 1932 Nefilii,
1194 1905 1230 1922 ne
1249 1897 1291 1922 im
1304 1897 1426 1933 faciatis
1442 1910 1450 1924 .·
1463 1902 1602 1936 quoniam
1618 1917 1637 1931 ι.
1653 1912 1710 1939 neg.
1731 1919 1753 1934 2.

890 1946 948 1964 non
960 1939 1035 1965 bona
1049 1939 1172 1973 auditio,
1181 1950 1268 1977 quam
1278 1942 1366 1968 audio
1377 1943 1412 1970 de
1422 1945 1516 1972 vohis.
1528 1946 1602 1980 Quid
1614 1943 1650 1969 ²4-

887 1981 945 2009 ais?
956 1983 1042 2010 Deum
1057 1983 1154 2021 injuria
1166 1985 1322 2020 affecerunt,
1338 1993 1363 2014 ct
1381 1987 1449 2016 filios
1463 1990 1602 2028 appellas?

887 2027 1057 2055 Conditorem
1074 2028 1240 2066 ignorarunt,
1252 2037 1277 2057 ct
1291 2037 1318 2058 tu
1330 2033 1556 2072 propinquitatem
1569 2037 1602 2065 il—

886 2071 974 2099 lorum
987 2073 1125 2109 agnoscis?
1140 2074 1280 2113 Propterea
1291 2075 1366 2112 dicit,
1379 2088 1437 2106 eum
1447 2090 1498 2108 non
1508 2081 1601 2111 admo-

887 2116 974 2143 nuisse
986 2116 1046 2144 illos
1059 2128 1065 2143 ι
1080 2116 1225 2146 admonitio
1244 2120 1315 2148 enim
1330 2128 1367 2149 est
1383 2123 1404 2150 si
1426 2134 1476 2152 non
1491 2133 1597 2155 utcum-

885 2172 936 2198 que
947 2162 1088 2191 consilium
1103 2163 1206 2200 demus,
1217 2165 1261 2193 sed
1274 2166 1456 2198 vehementius
1463 2178 1487 2198 et
1502 2173 1599 2209 acrius,

885 2214 909 2234 et
927 2207 949 2235 si
970 2215 1096 2245 quantam
1120 2209 1236 2238 vulneris
1262 2212 1371 2249 requirit
1391 2215 1476 2252 ulcus,
1498 2224 1599 2247 tantam

885 2252 990 2290 plagam
1010 2252 1171 2291 instigamus.
1189 2256 1247 2284 Non
1271 2267 1333 2295 ergo
1354 2260 1454 2289 sufficit
1473 2262 1495 2290 si
1510 2264 1597 2291 solum

883 2297 1015 2333 dicamus,
1030 2299 1075 2326 sed
1089 2306 1113 2327 et
1126 2300 1241 2328 multum
1256 2301 1373 2332 incutere
1385 2305 1506 2335 timorem
1517 2319 1597 2346 opor-

883 2348 929 2377 tet,
948 2349 978 2370 ut
1000 2343 1148 2381 juventutis
1168 2345 1297 2374 desidiam
1317 2350 1444 2380 excutias.
1462 2352 1596 2387 Quoniam
1645 2367 1695 2387 Reli
1710 2375 1749 2394 pa-

883 2388 965 2425 igitur
978 2389 1135 2417 hortabatur
1154 2390 1200 2419 ille
1215 2392 1334 2429 quidem,
1351 2395 1395 2423 sed
1408 2407 1459 2425 non
1477 2406 1505 2426 ut
1518 2410 1595 2439 opor·
1605 2401 1641 2448 ,¹⁹3
1662 2400 1746 2446 1“¹†¹³¹'‘³

883 2433 934 2461 tuit
945 2433 1112 2469 hortabatur,
1123 2435 1245 2465 hostibus
1253 2438 1314 2466 illos
1324 2442 1457 2478 exposuit,
1467 2451 1492 2472 et
1503 2453 1596 2474 exorto
1604 2435 1626 2448 'n
1646 2435 1658 2447 u
1670 2437 1687 2453 ²¹
1696 2435 1730 2448 ω’

884 2478 974 2517 praelio
989 2479 1141 2508 ceciderunt
1152 2481 1178 2509 in
1193 2482 1258 2518 acie,
1270 2493 1383 2522 eumque
1394 2488 1517 2516 nuntium
1529 2490 1596 2518 serre

884 2534 934 2551 non
944 2531 1040 2563 posset,
1051 2525 1146 2554 cadens
1158 2533 1184 2554 et
1194 2528 1250 2565 ipse
1260 2530 1410 2559 confractus
1423 2539 1462 2560 est
1475 2541 1501 2561 ct
1513 2535 1595 2563 inter-

883 2569 923 2597 iit.
940 2570 1025 2599 Vides
1040 2570 1134 2599 merito
1153 2571 1255 2601 dietum
1281 2585 1295 2601 a
1320 2585 1361 2602 me
1382 2576 1475 2610 fuisse,
1498 2579 1595 2609 libero-

1408 2617 1454 2644 ΞΥ).
