1843 2810
44 262 184 284 lle11.10.33.

51 723 84 743 ΙΙΙ.
97 731 118 744 v.
131 722 168 752 3Ἰ.

198 146 268 190 604

195 219 265 247 enim
279 219 330 247 hoe
345 218 436 257 exigui
451 225 490 247 est
507 219 642 248 momenti.
669 218 801 252 Quocirca
815 216 909 245 laudat

195 265 244 293 hoc
256 275 362 302 quoque
374 274 487 302 magnus
498 265 597 293 Paulus
615 264 707 293 dicens
720 275 726 290 τ
740 264 779 291 Et
793 264 825 290 in
837 262 909 290 alte-

195 320 227 338 ro
240 311 356 348 quidem
371 311 530 348 opprobriis
544 316 571 338 et
595 309 833 337 tribulationibus
848 317 909 344 spe-

195 356 342 384 ctaculum
354 355 433 393 facti
444 366 452 381 .-
470 357 501 382 ίη
513 355 607 383 altero
618 361 715 382 autem
727 354 800 381 socii
812 352 912 380 taliter

196 402 431 429 conversantium
446 400 558 439 effecti.
580 401 641 429 Jarn
655 398 721 436 quid
746 397 840 425 attinet
868 406 912 424 eos

196 456 402 474 commemorare
414 445 460 483 qui
473 452 497 473 et
525 445 575 484 ipsi
596 451 658 472 sunt
678 442 789 479 mortui,
813 449 837 470 et
866 441 911 479 qui

198 501 242 520 eos
265 491 420 526 incitarunt,
443 501 458 518 a
483 490 581 527 quibus
607 489 670 517 talia
700 487 913 526 suscipiebantur

200 537 354 571 certamina,
370 547 432 564 cum
446 535 529 569 viros,
546 542 604 563 tum
614 533 757 562 mulieres?
769 534 848 560 Recte
862 543 911 559 au-

200 588 253 610 tem
263 582 312 610 hos
326 592 431 620 quoque
442 580 544 609 laudat.
563 581 632 608 Nam
651 586 676 607 et
690 579 829 607 facultates
851 588 913 605 suas

198 637 345 666 exposuere
359 626 495 666 permulti,
511 632 541 653 nt
556 625 636 653 etiam
661 623 745 652 vincti
760 630 785 651 et
810 623 914 651 exsules

199 679 277 701 tantae
300 672 459 701 calamitatis
479 671 571 709 aliquo
587 670 682 698 solatio
710 670 871 706 fruerentur,
889 675 914 697 et

195 725 275 763 juxta
287 719 390 747 dictum
400 717 466 746 illud
478 716 601 756 apostoli,
612 727 673 745 cum
681 715 780 754 gaudio
793 715 914 754 rapinam

199 765 332 793 bonorum
358 773 467 791 suorum
492 762 671 801 susciperent:
688 761 734 789 alii
748 761 846 800 partim
866 771 914 799 pa-

198 810 260 843 tria,
281 808 379 848 partim
394 809 449 837 vita
464 808 521 846 ipsa
544 806 640 846 privati
656 812 726 834 sunt.
752 806 820 833 Cum
833 805 915 843 igitur

200 862 283 883 tantas
299 864 361 893 opes
371 853 474 889 videas,
486 852 710 886 tantumlucrum‚
724 857 828 879 tantum
842 861 914 888 qua:-

200 908 269 929 stum
284 900 409 928 Ecclesiae
424 898 572 934 obvenisse,
590 904 676 926 tantos
696 896 838 934 acquisitos
859 906 915 924 esse

199 947 344 981 thesauros,
360 955 403 973 eos
416 944 461 982 qui
473 944 548 983 prius
556 943 645 971 animo
660 941 839 977 conciderant,
854 941 915 979 igne

199 992 361 1020 ardentiores
375 1002 430 1019 esse
444 991 536 1025 factos,
553 999 596 1017 eos
615 989 661 1027 qui
676 988 724 1016 toti
745 988 855 1016 theatris
875 988 914 1015 as-

199 1038 248 1065 fixi
263 1044 347 1070 erant,
371 1036 474 1064 deserta
501 1035 617 1074 petiisse,
633 1045 663 1062 ac
677 1034 759 1062 saltus
774 1040 798 1061 et
813 1040 914 1061 montes

199 1083 226 1110 in
242 1082 376 1110 Ecclesias
387 1080 557 1116 convertisse,
571 1090 602 1107 ac
617 1079 720 1107 nemine
729 1088 835 1117 gregem
850 1078 915 1106 cdu-

199 1134 284 1162 cente,
312 1137 374 1155 oves
388 1132 526 1165 pastorum
550 1135 659 1152 munere
680 1124 784 1152 functas
807 1133 870 1159 esse,
885 1134 916 1152 ac

200 1172 300 1200 milites
315 1171 377 1199 item
403 1170 570 1209 imperatoris
585 1180 615 1197 ac
629 1169 714 1205 ducis,
730 1179 791 1196 cum
815 1174 916 1196 tautam

200 1217 389 1246 confidentiam
412 1226 443 1243 ac
469 1214 655 1243 fortitudinem
684 1224 739 1253 prae
763 1223 790 1241 se
804 1213 913 1250 ferrent,

199 1273 346 1300 omnesque
359 1272 420 1290 cum
435 1271 465 1289 eo
480 1270 532 1298 quo
549 1270 597 1298 par
614 1266 669 1287 erat
691 1257 794 1294 ardore,
818 1257 914 1293 studio,

199 1307 339 1345 diligentia
354 1307 477 1335 collectas
488 1304 636 1332 celebrare:
653 1314 705 1332 non
713 1302 877 1341 obstupescis
891 1309 916 1330 et

200 1352 315 1387 miraris,
325 1351 461 1389 negotium
469 1349 535 1378 adeo
544 1349 656 1377 feliciter
667 1348 840 1376 successisse?
856 1348 915 1375 Non

201 1397 272 1425 enim
287 1397 367 1424 modo
391 1395 436 1433 qui
461 1394 580 1423 moribus
598 1393 689 1432 probis
714 1399 796 1428 erant,
817 1392 864 1420 scd
891 1398 916 1420 et

202 1441 279 1470 multi
290 1441 335 1479 qui
346 1441 511 1469 theatrorum
522 1438 622 1466 insania
630 1438 798 1474 laborabant,
809 1444 834 1465 et
844 1437 916 1465 ludis

201 1487 374 1515 Circensibus
388 1484 487 1514 addicti
501 1490 584 1519 erant,
598 1483 652 1511 zelo
669 1482 785 1521 quodam
796 1482 856 1520 igne
870 1492 916 1511 ve-

202 1532 360 1560 hementiori
374 1530 493 1559 succensi
509 1536 592 1557 totam
608 1529 681 1556 illam
695 1528 823 1556 insaniam
843 1528 917 1566 abje-

201 1584 305 1613 cerunt,
316 1584 342 1605 et
353 1587 399 1616 per
409 1576 479 1615 ipsos
491 1574 683 1614 propemodum
693 1573 796 1611 gladios
810 1573 914 1601 exsilie-
925 1581 960 1600 507

933 1609 953 1631 Δ
970 1606 1068 1634 στάντα
1089 1607 1169 1640 αὐτῆς
1184 1606 1299 1645 ἅψασθαι
1316 1607 1368 1633 τῶν
1383 1606 1498 1644 οὐρανῶν
1512 1607 1559 1639 τῆς
1571 1606 1671 1644 ἁψῖδος.
1684 1606 1736 1633 Το-

203 1630 275 1659 runt,
290 1623 460 1661 magistratus
473 1620 600 1649 audacter
616 1630 646 1647 ac
661 1619 745 1647 libere
767 1626 828 1647 sunt
849 1619 916 1647 allo-

203 1668 292 1706 quuti,
322 1674 451 1696 tormenta
477 1671 645 1705 spreverunt,
672 1664 757 1692 minas
784 1663 916 1703 aspernati

203 1720 274 1749 sunt,
289 1719 388 1751 quanta
403 1711 511 1740 virtutis
526 1711 560 1738 sit
570 1710 611 1738 vis
621 1709 802 1746 ostenderunt,
825 1716 851 1737 et
864 1719 917 1747 quo

203 1765 281 1797 pacto
291 1758 347 1786 (ieri
363 1757 445 1796 possit
460 1763 489 1784 ut
499 1755 579 1784 etiam
593 1754 673 1783 valde
691 1754 813 1793 perditus
836 1754 917 1781 homo

204 1803 387 1843 poenitentiam
403 1812 483 1841 agens
506 1808 531 1829 et
554 1810 696 1829 conversus
724 1799 812 1838 ipsum
837 1799 917 1827 etiam

203 1849 342 1887 fastigium
349 1848 473 1876 caelorum
480 1846 602 1883 attingat.
614 1845 682 1873 Cum
691 1854 753 1882 ergo
768 1851 821 1872 tam
833 1844 917 1872 multa

205 1895 313 1934 praemia
327 1893 429 1928 videas,
446 1899 501 1920 tam
515 1891 613 1919 multas
633 1899 743 1918 coronas
767 1889 917 1926 acquisitas,

205 1948 305 1970 tantam
312 1949 429 1979 sparsam
439 1948 494 1966 esse
503 1936 663 1971 doctrinam,
674 1934 754 1969 unde,
766 1944 866 1971 quzeso,
874 1934 916 1970 fit,

207 1994 235 2015 ut
248 1983 454 2015 scandalizeris?
480 1982 523 2011 Ex
537 1992 567 2010 co
579 1980 654 2019 quod
664 1979 786 2008 nonnulli
801 1985 919 2018 pereant,

207 2032 304 2070 inquit.
331 2032 364 2059 At
377 2030 458 2066 enim,
471 2035 502 2056 ut
522 2028 578 2067 jam
590 2026 657 2061 dixi,
675 2035 759 2063 neque
773 2024 859 2053 dicere
872 2024 919 2053 de-

206 2079 301 2113 sinam,
318 2076 347 2104 hi
361 2074 518 2114 perditionis
539 2084 592 2101 suae
602 2071 765 2100 occasionem
779 2071 831 2100 sibi
854 2070 920 2109 ipsis

206 2123 302 2152 debent
316 2122 456 2159 imputare.
473 2119 549 2147 Nihil
563 2118 633 2146 enim
647 2117 722 2145 aliud
737 2123 791 2144 toto
806 2116 919 2144 decursu

206 2167 332 2197 orationis
347 2166 459 2204 probare
470 2163 603 2192 contendi.
625 2163 721 2191 Dicam
736 2169 760 2190 et
770 2161 843 2190 aliud
854 2172 921 2200 pra:-

207 2215 308 2242 clarum
324 2211 427 2239 facinus
444 2209 505 2237 inde
518 2215 619 2236 natum.
644 2208 733 2242 Quam
753 2207 832 2236 multi
846 2207 920 2235 larva

205 2258 313 2298 pietatis
324 2255 433 2291 obtecti,
447 2264 526 2291 quam
542 2252 619 2280 multi
637 2252 789 2280 simulatam
799 2263 918 2280 mansue-

206 2302 326 2331 tudinem
343 2309 397 2338 prae
415 2309 442 2326 se
458 2298 581 2332 serenteS,
598 2306 679 2332 quam
699 2295 786 2330 multi,
801 2296 846 2333 qui
868 2295 920 2324 viri

206 2346 297 2385 magni
311 2355 366 2373 esse
375 2343 551 2382 putabantur,
564 2350 611 2368 nec
624 2347 709 2374 crant,
721 2340 859 2367 confestim
870 2340 920 2368 hoc

205 2400 323 2431 tempore
345 2388 460 2417 convicti
489 2387 605 2421 suerunt,
629 2384 790 2422 illorumque
815 2385 917 2413 fallacia

205 2442 316 2476 detecta,
328 2437 400 2478 quod
412 2443 497 2473 erant,
506 2441 698 2474 apparuerunt,
723 2444 774 2461 non
790 2434 861 2471 quod
872 2445 918 2472 per

205 2500 336 2520 summam
355 2487 477 2516 fraudem
490 2496 516 2514 se
541 2494 596 2513 esse
620 2483 801 2511 simulabant?
825 2484 917 2520 Neque

204 2540 301 2572 veroid
316 2537 406 2579 exigui
421 2535 546 2566 momenti
561 2540 609 2572 est,
616 2532 662 2562 sed
676 2543 843 2572 summopere
854 2544 915 2572 pro-

521 157 536 180 S
543 174 549 180 .
578 156 715 181 JOANNIS
742 154 923 179 CHRYSOST.

953 153 1108 177 anemae.
1138 146 1409 178 consummor?

961 215 1006 244 καὶ
1023 217 1117 256 ἄνδρας
1131 217 1175 245 καὶ
1187 221 1325 254 γυναῖκας,
1337 217 1431 248 Καλῶς
1450 215 1477 244 δὲ
1497 215 1588 247 αὐτοὺς
1611 215 1654 244 καὶ
1668 218 1728 245 θαυ-

963 269 1048 305 μάζει.
1069 269 1123 296 Καὶ
1141 268 1192 307 γὰρ
1213 269 1258 296 καὶ
1275 268 1362 301 οὐσίας
1383 268 1515 297 ἐπέδωκαν
1536 267 1638 302 πολλοὶ,
1661 267 1729 295 ὥστε

962 319 1020 352 τοὺς
1031 319 1166 356 δεσμώτας
1179 320 1223 348 καὶ
1237 319 1296 352 τοὺς
1318 320 1460 359 ἐξορίστους
1479 319 1547 358 ἔχειν
1562 319 1621 347 τινὰ
1636 330 1729 358 ’παρα-

965 370 1057 408 μυθίαν
1073 371 1119 405 τῆς
1130 369 1258 405 τοσαύτης
1272 371 1463 410 ταλαιπωρίας,
1477 371 1522 399 καὶ
1540 371 1588 406 τὴν
1609 370 1730 410 ἁρπαγὴν

964 424 1015 450 τῶν
1030 421 1199 460 ὑπαρχόντων
1213 422 1294 456 ἡδέως
1309 422 1436 458 ἐδέξαντο,
1451 422 1518 452 κατὰ
1539 423 1568 450 τὸ
1589 423 1731 451 ἀποστολι-

965 474 1009 502 κὸν
1025 475 1107 502 ἐκεῖνο
1121 473 1205 512 λόγιον
1219 486 1225 491 ·
1240 474 1336 512 ἕτεροι,
1356 475 1379 503 οἳ
1395 474 1441 512 μὲν
1453 475 1592 513 πατρίδος,
1603 476 1626 502 οἱ
1641 475 1668 502 δὲ
1686 475 1732 503 καὶ

967 526 1046 559 αὐτῆς
1065 524 1241 559 ἐξεόλήθησαν
1255 527 1301 559 τῆς
1316 526 1392 559 ζωῆς.
1412 525 1497 564 Ὁρῶν
1512 525 1596 554 τοίνυν
1611 527 1731 554 τοσοῦτον

966 577 1092 610 πλοῦτον,
1116 578 1238 604 τοσοῦτον
1265 575 1367 613 κέρδος,
1395 576 1523 611 τοσαύτην
1546 576 1673 615 ἐμπορίαν
1698 577 1731 614 τῇ

967 626 1114 666 Ἐκκλησία
1131 626 1305 665 συνηγμένην,
1326 626 1462 660 τοσούτους
1480 627 1621 666 θησαυροὺς
1642 630 1733 655 ἀποτι-

967 678 1097 716 θεμένους,
1115 678 1196 717 πυρὸς
1219 678 1403 717 σφοδροτέρους
1421 678 1570 716 γινομένους
1591 678 1648 711 τοὺς
1671 679 1733 717 πρό-

966 741 1039 770 τερον
1055 728 1284 764 ἀναπεπτωκότας,
1295 729 1339 757 καὶ
1353 729 1411 761 τοὺς
1424 730 1540 768 θεάτροις
1556 730 1734 769 προσηλωμέ-

966 793 1023 813 νους
1046 782 1081 813 εἰς
1096 780 1141 813 τὰς
1159 780 1267 819 ἐρημίας
1280 780 1403 815 ἐξιόντας,
1423 781 1469 809 καὶ
1482 781 1528 813 τὰς
1546 781 1628 813 νάπας
1643 782 1687 809 καὶ
1701 781 1734 810 τὰ

966 833 1014 871 ὄρη
1030 836 1165 864 ποιοῦντας
1181 831 1331 866 ἐκκλησίας,
1351 832 1396 860 καὶ
1415 832 1516 865 οὐδενὸς
1539 832 1671 871 ἐξάγοντος
1685 833 1733 867 την

967 884 1073 922 ἀγέλην,
1086 885 1121 915 εἷς
1134 883 1181 917 τὴν
1199 884 1250 911 τῶν
1271 883 1402 920 ποιμένων
1422 883 1494 916 τάξιν
1516 884 1682 921 μεταστάντα
1701 884 1734 912 τὰ

967 937 1100 975 πρόὲατα,
1120 936 1164 964 καὶ
1185 935 1244 967 τοὺς
1259 935 1420 975 στρατιώτας
1441 937 1476 968 εἷς
1495 935 1543 970 τὴν
1557 938 1601 964 τοῦ
1620 947 1735 974 στρατη-

967 991 1023 1027 γοῦ,
1037 987 1185 1026 παρρησίας
1196 987 1280 1015 ἕνεκεν
1294 987 1338 1015 καὶ
1351 987 1480 1025 ἀνδρείας,
1495 986 1540 1015 καὶ
1555 986 1654 1018 πάντας
1667 986 1734 1024 μετὰ

967 1043 1014 1075 ’ἑῆς
1036 1039 1219 1078 προσηκούσης
1244 1038 1409 1077 θερμότητος,
1434 1039 1558 1073 σπουδῆς,
1585 1039 1735 1076 ἐμμελείας,

967 1092 1014 1124 τὰς
1028 1091 1143 1124 συνάξεις
1155 1092 1344 1125 ἐπιτελοῦντας,
1355 1092 1402 1119 οὐκ
1413 1090 1547 1129 ἐκπλήττῃ
1563 1090 1607 1119 καὶ
1629 1090 1734 1129 θαυμά-

969 1145 1028 1179 ζεις,
1043 1143 1100 1171 ὅσον
1123 1144 1151 1171 ἐκ
1167 1142 1256 1170 τούτου
1276 1141 1434 1180 κατόρθωμα
1450 1141 1568 1180 γέγονεν;
1583 1143 1622 1170 Οὐ
1637 1141 1687 1180 γὰρ
1702 1142 1733 1177 δὴ

969 1194 1046 1232 μόνον
1063 1195 1085 1222 οἱ
1104 1195 1185 1233 ὀρθῶς
1203 1195 1325 1231 βιοῦντες,
1347 1193 1414 1222 ἀλλὰ
1434 1193 1527 1222 πολλοὶ
1547 1193 1591 1222 καὶ
1610 1195 1660 1222 τῶν
1675 1193 1736 1233 περὶ

968 1245 1001 1274 τὰ
1022 1246 1118 1284 θέατρα
1140 1244 1295 1283 μεμηνότων
1320 1244 1365 1273 καὶ
1389 1244 1564 1283 ἱπποδρομίας
1592 1245 1735 1284 προσεχόν-

968 1308 1029 1332 των,
1043 1297 1092 1325 ὑπὸ
1111 1299 1156 1325 τοῦ
1178 1296 1256 1331 ζήλου
1276 1296 1356 1334 πυρὸς
1370 1295 1541 1335 σφοδροτέρου
1564 1295 1735 1335 πυρωθέντες,

968 1354 1055 1377 πᾶσαν
1068 1348 1166 1382 ἐκείνην
1188 1348 1312 1376 ἀπέθεντο
1324 1347 1372 1381 τὴν
1387 1347 1497 1385 μανίαν,
1510 1347 1554 1375 καὶ
1573 1349 1632 1375 κατ’
1648 1348 1734 1375 αὐτῶν

968 1401 1019 1428 τῶν
1037 1399 1115 1438 ξιφῶν
1130 1399 1222 1437 σχεδὸν
1243 1398 1393 1434 ἐπήδησαν,
1410 1398 1473 1437 πρὸς
1488 1399 1616 1437 ἄρχοντας
1629 1400 1733 1439 παῤῥη-

969 1451 1125 1489 σιαζόμενοι,
1140 1450 1259 1488 βασάνων
1272 1454 1501 1489 καταφρονοῦντες,
1523 1452 1637 1479 ἀπειλῶν
1653 1462 1735 1479 κατα-

968 1504 1108 1541 γελῶντες,
1125 1501 1269 1534 δεικνύντες
1287 1501 1347 1530 ὅσον
1362 1501 1431 1530 ἐστὶν
1453 1501 1542 1540 ἀρετὴ,
1564 1501 1608 1530 καὶ
1628 1504 1682 1534 πῶς
1697 1501 1734 1530 ἔνι

969 1554 1012 1583 τὸν
1036 1553 1134 1593 σφόδρα
1160 1553 1347 1591 ἀπολλύμενον,
1372 1553 1569 1590 μετανοήσαντα
1591 1548 1736 1591 καὶ-μετα-

968 1661 1051 1687 σοιῧτα
1073 1653 1116 1687 οῧν
1139 1658 1249 1697 βραδεῖα
1260 1659 1336 1695 ὁρῶν,
1350 1657 1486 1690 τοσούτους
1512 1656 1652 1696 στεφάνους
1670 1658 1736 1685 πλε-

969 1709 1110 1747 κομένους,
1132 1709 1262 1743 τοσαύτην
1283 1708 1453 1737 διδασκαλίαν
1473 1708 1624 1746 γινομένην,
1647 1708 1736 1743 πόθεν,

970 1760 1027 1788 εἶπέ
1042 1772 1096 1797 μοι,
1111 1760 1284 1798 σκανδαλίζῃ;
1301 1759 1364 1788 Ἀπὸ
1380 1762 1431 1788 τῶν
1445 1759 1633 1794 ἀπολωλότων,
1648 1759 1735 1798 φησίν.

971 1811 1039 1839 Ἀλλ’
1049 1833 1056 1845 ,
1070 1811 1134 1849 ὅπερ
1149 1809 1224 1848 ἔφην,
1237 1809 1281 1838 καὶ
1293 1809 1376 1847 λέγων
1394 1811 1422 1838 οὔ
1436 1809 1580 1846 παύσομαι,
1595 1805 1665 1837 οὗτοι
1677 1811 1735 1837 ἑαυ-

971 1867 1023 1894 τοῖς
1032 1861 1223 1900 λογιζέσθωσαν
1235 1863 1281 1895 τῆς
1300 1860 1431 1893 ἀπωλείας
1442 1860 1488 1895 τὴν
1509 1860 1637 1889 ὑπόθεσιν.
1651 1861 1736 1889 Τοῦτο

969 1915 1020 1954 γὰρ
1033 1915 1064 1942 δι’
1081 1914 1165 1942 ὅλουό
1183 1913 1258 1951 λόγος
1277 1916 1341 1951 ἡμῖν
1357 1912 1543 1951 ἀγωνιζόμενος
1565 1911 1667 1945 ἔδειξεν.
1691 1912 1735 1940 Εἴ-

971 1978 1013 1994 πω
1031 1966 1075 1994 καὶ
1095 1966 1180 2004 ἕτερον
1196 1965 1365 2003 κατόρθωμα.
1379 1964 1463 1992 Πόσοι
1476 1968 1640 2002 προσωπεῖον
1656 1964 1735 1991 εὐλα-

973 2017 1044 2050 ὅείας
1070 2016 1262 2056 περικείμενοι,
1287 2015 1364 2044 πόσοι
1392 2015 1579 2053 πεπλασμένην
1601 2014 1738 2053 πραότητα

973 2069 1088 2108 ἔχοντες,
1102 2067 1179 2096 πόσοι
1194 2066 1302 2104 μεγάλοι
1324 2065 1390 2098 τινὲς
1414 2061 1478 2093 εἶναι
1494 2064 1670 2102 νομιζόμενοι,
1693 2064 1738 2092 καὶ

973 2122 1019 2150 οὐκ
1043 2120 1123 2152 ὄντες,
1145 2118 1234 2158 ἁθρόον
1263 2118 1307 2146 ἐπὶ
1330 2121 1375 2146 τοῦ
1400 2116 1526 2155 παρόντος
1548 2115 1739 2154 διηλέγχθησαν

973 2175 1073 2210 καιροῦ,
1089 2170 1134 2199 καὶ
1152 2170 1184 2198 τὰ
1197 2171 1243 2203 τῆς
1260 2169 1362 2203 ἀπάτης
1377 2170 1462 2200 αὐτοῖς
1477 2167 1596 2206 διεῤῥύη,
1614 2167 1659 2195 καὶ
1674 2165 1738 2204 ὅπερ

974 2219 1055 2258 ἦσαν,
1071 2222 1211 2261 ἐφάνησαν,
1233 2223 1282 2260 οὐχ
1302 2220 1366 2259 ὅπερ
1378 2217 1601 2257 ὑπεκρίνοντσκαὶ
1615 2218 1738 2253 ἠπάτων;

972 2276 1012 2304 Οὐ
1027 2275 1119 2314 μικρὸν
1142 2274 1168 2303 δὲ
1185 2276 1270 2307 τοῦτο,
1285 2272 1353 2301 ἀλλὰ
1373 2271 1416 2300 καὶ
1441 2270 1539 2309 σφόδρα
1559 2269 1680 2308 μέγιστον
1703 2271 1739 2302 εἷς

972 2327 1098 2366 ὠφέλειαν
1122 2328 1173 2354 τῶν
1200 2325 1338 2354 ἐθελόντων
1363 2323 1517 2363 προσέχειν,
1541 2321 1570 2350 τὸ
1599 2321 1738 2359 διαγνῶναι

970 2378 1028 2410 τοὺς
1043 2378 1152 2416 ἔχοντας
1170 2379 1221 2405 τῶν
1243 2375 1382 2414 προὸάτων
1392 2374 1443 2406 τὰς
1457 2373 1543 2412 δορὰς,
1557 2372 1601 2400 καὶ
1617 2371 1653 2409 μὴ
1676 2373 1738 2399 ἀνα-

971 2430 1109 2468 μίγνυσθαι
1124 2428 1182 2460 τοὺς
1205 2427 1299 2458 λύκους
1313 2426 1372 2458 τοὺς
1390 2424 1458 2453 οὕτω
1479 2423 1671 2462 κρυπτομένους
1685 2426 1738 2453 τοῖς

968 2482 1047 2513 ὄντως
1068 2479 1218 2519 προὲάτοις.
1235 2478 1287 2507 Καὶ
1301 2477 1351 2515 γὰρ
1373 2476 1481 2514 κάμινος
1500 2474 1604 2513 γέγονεν
1622 2477 1636 2502 ὁ
1649 2472 1738 2511 καιρὸς

966 2529 1048 2566 οὗτος,
1063 2531 1096 2560 τὰ
1110 2530 1208 2570 χαλκὸν
1227 2529 1320 2568 ἔχοντα
1334 2529 1385 2556 τῶν
1399 2525 1566 2565 νομισμάτων
1586 2523 1737 2563 διελέγχων,
