1840 2839
741 164 876 186 121‘15'101.
887 165 918 185 F..

61 232 204 269 νεχθῶμεν,
216 229 383 259 ἐπιλαθέσθαι
399 239 444 257 σου
460 229 505 263 τῆς
523 227 628 266 ἀγάπης
643 229 670 256 οὖ
683 226 829 264 &magnoa-

62 277 128 306 ἀλλὰ
155 277 199 306 καὶ
224 279 249 305 ἐν
276 275 400 316 ἀλλοτρίᾳ
430 275 475 304 καὶ
504 275 530 303 ἐν
558 274 655 313 ἐρημίᾳ
685 272 830 312 Emptam·-

60 335 113 355 τες,
131 323 175 351 καὶ
198 323 236 351 ἔτι
257 321 369 361 λείψανα
392 319 541 360 ἀρρωστίας
564 320 745 359 περιφέροντες
755 341 762 353 ,
786 317 830 346 καὶ

62 369 134 408 φόῧῳ
147 369 251 408 λῃστῶν
265 366 479 407 πολιορκούμενοι
497 368 540 403 (οὐ
554 365 604 405 γὰρ
619 366 775 405 ἀφίστανται
785 364 832 396 τὰς

60 415 132 448 ὁδοὺς
145 414 352 454 ἀποτειχίζοντες
374 413 419 442 καὶ
436 413 524 442 πάντα
537 412 656 451 αἱμάτων
671 413 831 450 πληροῦντες

61 463 84 490 οἱ
99 460 246 499 Ἰσαῧροι),
261 461 386 495 διηνεκῶς
404 471 433 488 σε
447 459 490 488 ἐπὶ
509 458 623 491 διανοίας
641 458 830 498 περιφέρομεν,

62 506 109 542 τὴν
125 506 244 546 ἀνδρείαν
261 518 323 542 σου,
341 505 388 542 τὴν
408 505 568 545 παῤῥησίαν,
582 504 630 540 τὴν
645 506 766 544 γλυκεῖαν
786 503 831 532 καὶ

62 553 170 592 γνησίαν
195 553 307 582 διάθεσιν
335 554 398 591 παρ’
426 554 512 585 αὐτοῖς
537 551 747 583 ἀναπλάττοντες
757 573 763 584 ,
785 549 830 579 καὶ

61 599 159 628 τούτων
175 600 227 628 τῶν
242 600 374 638 λογισμῶν
390 601 564 638 ἐντρυφῶντες
577 600 609 636 τῇ
624 598 726 636 μνήμῃ.
743 596 830 636 Γράφε

63 644 89 674 δὲ
108 645 184 677 αὐτὸς
198 648 261 683 ἡμῖν
277 647 408 684 συνεχῶς,
431 645 545 673 δέσποτα
559 642 759 681 θαυμασιώτατε
771 665 778 677 ,
797 641 831 670 τὰ

62 690 180 730 περὶτῆς
195 691 282 729 ὑγείας
297 693 344 726 τῆς
355 693 416 726 σῆς,
431 690 476 719 καὶ
491 691 547 722 πῶς
559 701 600 718 σοι
611 688 645 717 τὰ
656 688 740 727 θερμὰ
752 687 831 727 ἐχρή-

64 748 144 773 σατο,
160 737 204 766 καὶ
219 739 244 766 ἐν
257 737 325 766 τίσιν
338 738 426 775 “ὂρμᾷ
438 735 471 764 τὰ
483 735 517 764 σὰ
531 738 589 763 νῦν·
603 734 647 763 ἵνα
666 734 711 762 καὶ
729 733 831 773 πόρῤω-

63 785 105 812 θεν
117 783 203 818 ὄντες,
219 783 300 821 μηδὲν
319 782 426 811 ἔλαττον
447 781 550 820 ἔχωμεν
565 782 616 809 τῶν
631 779 673 809 ἀεί
687 791 727 809 σοι
743 791 833 819 συγγι-

64 829 188 866 νομένων,
199 830 234 861 εἷς
245 829 275 857 τὸ
288 829 376 867 σαφῶς
387 827 482 857 εἰδέναι
495 827 528 855 τὰ
543 826 584 856 σά.
600 822 686 856 Οἶσθα
696 825 747 866 γὰρ
762 827 832 860 ὅπως

63 877 126 912 ἡμῖν
141 874 364 914 περισπούδαστον
378 873 439 913 περὶ
453 875 500 908 τ’ἦς
515 873 618 912 ῥώσεως
635 875 682 908 τῆς
701 874 749 907 σῆς
767 884 833 911 μαν-

64 919 160 955 θάνειν,
174 919 217 949 διὰ
230 920 260 949 τὸ
271 920 370 959 σφόδρα
381 931 426 949 σου
439 921 510 958 ἐρ’ᾅν,
525 918 569 947 καὶ
582 918 750 948 συνδεδέσθαι
765 917 833 956 μετὰ

64 965 199 1005 ἀκριὸείας
212 968 244 1004 τῇ
259 965 473 1005 μεγαλοπρεπείᾳ
484 967 516 1004 τῇ
532 966 575 1003 σῇ.

325 1198 386 1238 ρξε’.
410 1198 573 1236 Κλαυδιανῷ.

105 1292 141 1322 Τί
160 1295 251 1327 τοῦτο;
267 1291 301 1319 Ὀ
322 1291 415 1329 θερμὸς
434 1292 510 1328 ἡμῶν
532 1289 660 1330 ἐραστὴς,
675 1291 688 1318 ὁ
710 1288 834 1327 μανικὸς,

66 1339 194 1374 τοσαύτης
215 1339 278 1376 παρ’
299 1338 375 1375 ἡμῶν
400 1336 552 1368 ἀπολαύσας
573 1335 694 1374 ἀγάπης,
716 1337 729 1363 ὁ
751 1336 835 1370 διηνε-

66 1387 118 1417 κῶς
139 1386 203 1423 ἡμῖν
226 1382 421 1421 συνδεδεμένος,
443 1382 501 1411 οὐδὲ
522 1382 688 1422 γραμμάτων
714 1384 784 1419 ἡμᾶς
808 1384 834 1410 ἔν

65 1430 133 1459 οὕτω
149 1430 235 1469 χρόνῳ
251 1430 344 1468 μακρῷ
362 1428 493 1464 ἠξίωσας,
515 1429 573 1457 ἀλλ’
594 1428 706 1466 ἠνέσχου
725 1428 834 1465 σιγῆσαι

66 1475 143 1515 σιγὴν
164 1475 231 1504 οὕτω
252 1475 373 1514 μακράν;
394 1474 429 1504 Τί
448 1486 512 1503 ποτε
532 1474 584 1514 ἄρα
603 1474 633 1503 τὸ
655 1473 754 1509 αἴτιον;
768 1468 835 1513 Ἆρα

67 1522 135 1560 μετὰ
150 1523 197 1557 τὴν
211 1521 361 1560 ἀποδημίαν
376 1520 497 1554 ἐξέὸαλες
510 1523 582 1558 ἡμᾶς
595 1522 642 1555 τ-’ῆς
657 1518 772 1552 διανοίας
787 1521 835 1554 τ”ῆς

67 1569 128 1602 σ’ἧς,
152 1567 196 1596 καὶ
217 1567 391 1607 ῥαθυμότερος
416 1566 476 1606 περὶ
501 1565 548 1601 τὴν
570 1565 703 1604 ἡμετέραν
727 1565 835 1604 γέγονας

68 1613 189 1652 ἀγάπην;
203 1614 261 1642 Οὐκ
276 1613 359 1652 ἔγωγε
372 1608 460 1651 οἶμαι·
481 1612 517 1650 μὴ
534 1612 586 1651 γάρ
606 1623 670 1640 ποτε
692 1615 769 1640 τοῦτο
788 1611 836 1649 γε’-

67 1670 159 1694 νηται,
177 1659 230 1688 ἀπὸ
244 1660 348 1698 φιλικῆς
361 1659 428 1688 οὕτω
442 1661 528 1698 ψυχῆς
539 1659 584 1687 καὶ
597 1660 693 1697 θερμῆς
704 1657 834 1693 τοσαύτην

65 1705 185 1744 γενέσθαι
197 1705 355 1743 μεταὸολήν.
370 1705 439 1734 Ἀλλ’
453 1705 504 1743 ἄρα
518 1704 555 1743 μὴ
568 1704 702 1743 ἀῤῥωστία
715 1715 743 1732 σε
759 1702 835 1732 κατέ-

66 1762 143 1790 σχεν;
163 1750 231 1780 Ἀλλ’
251 1752 297 1780 οὐκ
318 1750 430 1786 ἠδύνατο
451 1751 515 1787 αὕτη
531 1751 652 1789 γενέσθαι
672 1749 784 1788 κώλυμα
798 1751 835 1788 τῷ

66 1797 183 1837 γράφειν.
197 1797 275 1827 Ἐπεὶ
288 1792 331 1826 οὖν
353 1800 495 1836 ἀγνοοῦμεν
515 1797 562 1833 τὴν
581 1796 678 1832 αἰτίαν,
702 1796 769 1835 μετὰ
789 1799 835 1825 τοῦ

65 1844 144 1872 λῦσαι
155 1843 202 1879 τὴν
217 1843 292 1882 σιγὴν
309 1843 354 1873 καὶ
373 1843 422 1878 τὴν
444 1843 530 1872 αἰτίαν
547 1843 603 1872 εἰπὲ
620 1846 667 1878 τ’ἥς
683 1844 772 1881 σιγῆς,
789 1841 834 1870 καὶ

66 1889 156 1927 πέμπε
167 1889 270 1928 ταχέως
290 1892 354 1927 ἡμῖν
375 1889 515 1924 ἐπιστολὴν
539 1888 574 1917 τὰ
595 1889 657 1928 περὶ
679 1890 725 1923 τῆς
747 1887 834 1926 ὑγείας

66 1937 113 1970 τ’ῆς
136 1935 184 1969 σῆς
196 1934 427 1973 εὐαγγελιζομένην
443 1937 522 1973 ἡμᾶς.
537 1933 616 1964 Οὕτω
650 1933 701 1973 γὰρ
727 1933 760 1962 τὰ
788 1932 834 1971 μέ-

67 1991 146 2018 γιστα
163 1982 227 2018 ἡμῖν
239 1982 320 2020 χαριῇ
331 2003 338 2016 ,
359 1980 404 2009 καὶ
417 1982 464 2015 τῆς
477 1979 587 2021 ἐρημίας
597 1979 698 2015 πολλὴν
714 1979 834 2018 παρέξεις

66 2026 244 2065 παράκλησιν,
258 2026 288 2054 ἂν
304 2028 413 2055 τοιαῦτα
431 2026 564 2065 δεξώμεθα
583 2027 738 2066 γράμματα.
756 2025 835 2054 Ἀλλὰ

69 2072 105 2110 μὴ
121 2072 289 2112 ῥᾳθυμήσῃς·
304 2073 326 2101 εἷ
342 2073 393 2112 γὰρ
409 2072 454 2102 καὶ
474 2073 542 2111 μετὰ
557 2072 603 2108 τὴν
617 2071 757 2107 ἐπιστολὴν
772 2072 835 2101 ταύ-

68 2130 114 2153 την
134 2117 219 2157 μένεις
239 2119 328 2157 σιγῶν,
349 2120 395 2148 οὐκ
410 2119 448 2148 ἔτι
467 2130 508 2148 σοι
529 2118 687 2159 συγγνώμην
703 2118 833 2157 δώσομεν,

67 2163 135 2193 ἀλλὰ
148 2164 303 2204 γραψόμεθά
319 2177 347 2194 σε
362 2167 409 2200 τ’ῆς
429 2165 544 2205 ἐσχάτης
557 2164 753 2203 ἀγνωμοσύνης.
765 2160 834 2194 Οἶδα

68 2209 95 2238 δὲ
109 2209 148 2238 ὅτι
161 2210 248 2247 πάσης
263 2222 304 2240 σοι
317 2210 445 2251 τιμωρίας
459 2214 534 2240 τοῦτο
549 2210 712 2250 πικρότερον.

102 2496 112 2508 ·
129 2489 220 2521 [Savit.
232 2491 318 2525 ὁρμεῖ]

1532 148 1600 182 555

886 235 957 260 mur,
972 223 1095 252 oblivisci
1113 230 1163 251 tii-‘e
1180 222 1297 251 caritatis
1315 222 1424 250 mininie
1441 232 1598 261 possunius;

885 269 930 299 sed
944 270 969 298 iu
981 277 1070 298 extera
1085 269 1360 307 descruiquercgione
1370 268 1435 297 dum
1451 278 1600 302 versaunur,

885 323 911 344 et
925 316 1010 344 morbi
1026 315 1152 354 reliquias
1167 315 1314 344 etiamnum
1327 314 1557 350 circtunscrimus,
1571 324 1600 341 :ne

886 369 958 391 metu
974 362 1107 391 latronum
1127 361 1282 390 obsidemur
1301 364 1403 399 (neque
1423 360 1494 388 euim
1511 359 1602 387 absec-

885 407 963 444 dunt,
981 407 1027 436 sed
1043 407 1137 436 itinera
1157 407 1348 443 intercludunt,
1363 414 1389 435 et
1404 406 1493 434 omnia
1510 416 1603 433 cruor(-

887 454 1021 494 complent
1034 454 1146 493 Isauri),
1158 461 1286 492 perpetuo
1302 460 1326 482 te
1338 460 1425 482 mente
1439 451 1602 480 circumseri-

887 510 957 534 mus,
975 510 1006 528 ac
1027 499 1211 528 fortitudinem
1236 506 1319 535 tuam,
1342 497 1469 536 loquendi
1495 497 1603 525 liberta-

887 552 949 582 tem,
965 556 1074 574 suavem
1097 555 1126 573 ac
1147 545 1277 573 sinceram
1295 543 1508 573 benevolentiam
1531 543 1604 581 apud

851 603 871 626 Α
887 602 934 620 nos
947 591 1109 629 effingimus,
1123 598 1149 620 et
1163 591 1260 619 harum
1273 601 1320 619 nos
1334 588 1516 619 recordatione
1531 589 1605 627 cogi—

888 637 1018 666 tationum
1041 636 1216 665 oblectamus.
1244 637 1286 665 Tu
1310 646 1373 665 vero
1400 636 1551 673 frequenter
1571 635 1605 662 ad

887 692 946 720 nos,
970 682 1078 711 domine
1102 683 1250 722 plurimum
1270 681 1450 721 suspiciende,
1472 681 1559 709 scribe
1573 681 1606 709 de

887 729 1049 758 valetudinis
1069 736 1122 758 tuae
1137 736 1218 765 statu,
1237 736 1263 758 et
1284 739 1337 767 quo
1358 734 1436 767 pacto
1457 726 1606 755 calidarum

887 775 937 804 tibi
959 786 1091 813 aquarum
1109 786 1173 804 usus
1196 774 1362 812 successerit,
1387 780 1412 802 et
1431 772 1497 812 quid
1517 783 1607 801 rerum

887 832 959 851 nunc
973 832 1065 861 geras:
1079 828 1108 850 ut
1125 822 1207 850 etiam
1226 822 1321 861 procul
1340 832 1355 849 a
1376 827 1400 849 te
1415 819 1502 848 dissiti
1522 819 1607 848 nihilo

887 866 1013 896 deteriori
1035 867 1189 896 conditione
1210 867 1306 903 simus,
1331 877 1411 906 quam
1434 865 1481 904 qui
1504 876 1607 904 semper

889 920 977 942 tecum
994 920 1143 950 versantur,
1159 920 1188 942 ut
1202 913 1236 942 de
1253 913 1333 942 rebus
1348 913 1401 941 tuis
1415 911 1539 940 certiores
1558 913 1607 940 fia-

888 970 956 988 mus.
977 960 1053 988 Nosti
1068 959 1169 999 quippe
1187 967 1287 998 quanto
1306 959 1382 988 nobis
1402 957 1493 986 studio
1512 957 1557 993 sit,
1574 957 1608 986 de

889 1012 935 1034 tua
947 1005 1101 1035 valetudine
1114 1005 1257 1045 quidpiam
1272 1004 1366 1033 audire
1372 1016 1381 1041 ;
1397 1003 1470 1042 quod
1485 1010 1510 1032 te
1529 1003 1607 1031 vehe‘

889 1058 991 1080 menter
1001 1061 1132 1087 amemus,
1144 1057 1170 1080 et
1183 1050 1331 1080 arctissime
1342 1061 1403 1079 cum
1418 1056 1462 1078 tua
1479 1048 1607 1088 magnifi-

890 1097 975 1126 centia
985 1097 1104 1127 devincti
1122 1097 1215 1126 simus.

1091 1197 1206 1226 CXCV.
1228 1196 1407 1225 Claudiano.

930 1289 1069 1326 Quidnam
1081 1289 1134 1318 hoc
1149 1300 1205 1318 esse
1219 1288 1324 1319 dicam?
1340 1289 1417 1317 Tune
1432 1287 1488 1325 ille,
1504 1287 1658 1339 ‘1¹'in0‘40‘

890 1343 944 1365 stro
963 1346 1053 1365 amore
1075 1335 1218 1374 flagrabas,
1234 1342 1260 1364 et
1278 1334 1479 1373 quodammodo
1494 1334 1607 1363 insanie-
1618 1323 1672 1371 4032

890 1383 948 1417 bas,
962 1383 1008 1421 qui
1025 1389 1127 1411 tantam
1141 1382 1168 1410 in
1182 1381 1260 1410 nobis
1277 1388 1404 1421 expertus
1418 1392 1444 1409 es
1457 1380 1606 1416 caritatem,

889 1429 936 1467 qui
950 1439 1055 1467 semper
1073 1427 1214 1456 nobiscum
1229 1427 1370 1456 devinctus
1388 1437 1454 1463 eras,
1470 1437 1502 1455 ne
1524 1427 1609 1455 literis

890 1474 999 1512 quidem
1015 1484 1064 1503 nos
1084 1480 1156 1502 tanto
1175 1472 1302 1512 temporis
1321 1472 1407 1512 spatio
1425 1472 1552 1511 dignatus
1570 1483 1608 1508 es,

890 1520 937 1549 sed
959 1527 1015 1549 tam
1037 1520 1167 1549 diuturno
1187 1519 1294 1548 silentio
1316 1519 1355 1547 uti
1380 1519 1510 1558 potuisti?
1534 1518 1611 1556 Quid

891 1566 975 1605 igitur
991 1566 1018 1594 in
1039 1576 1119 1594 causa
1142 1561 1212 1594 fuit?
1233 1567 1274 1594 An
1296 1575 1359 1594 vero
1381 1572 1440 1604 post
1463 1565 1610 1594 discessum

891 1620 1012 1642 nostrum
1027 1623 1061 1642 ex
1082 1613 1171 1641 animo
1192 1619 1239 1641 tuo
1253 1622 1301 1641 nos
1321 1612 1434 1652 ejecisti,
1457 1619 1482 1641 et
1504 1612 1611 1651 segnior

891 1669 953 1698 erga
974 1659 1111 1688 caritatem
1125 1666 1245 1688 nostram
1263 1659 1389 1688 evasisti?
1404 1660 1464 1688 Non
1486 1657 1609 1696 equidem

890 1706 1019 1740 arbitror3
1033 1716 1119 1744 neque
1129 1705 1201 1734 enim
1217 1705 1276 1734 fieri
1291 1712 1390 1745 potest,
1406 1712 1435 1733 ut
1451 1704 1540 1732 anima
1554 1711 1609 1732 tam

890 1752 986 1789 amica,
996 1759 1050 1780 tam
1063 1750 1165 1780 fervida
1175 1757 1275 1779 tantam
1291 1750 1467 1779 mutationem
1479 1749 1606 1788 patiatur.

891 1800 932 1827 An
953 1808 1016 1827 vero
1040 1805 1066 1826 te
1089 1797 1198 1825 fortasse
1221 1796 1331 1824 morbus
1351 1795 1485 1824 detinuit?
1510 1796 1545 1823 At
1565 1794 1609 1823 hic

891 1843 1082 1883 impedimento
1104 1852 1160 1870 esse
1181 1852 1233 1870 non
1255 1841 1351 1880 potuit,
1370 1851 1423 1880 quo
1437 1841 1527 1869 minus
1543 1841 1609 1869 scri-

890 1890 977 1919 heres.
991 1888 1125 1924 Quoniam
1139 1887 1221 1927 igitur
1232 1898 1341 1916 causam
1351 1887 1515 1927 ignoramus,
1527 1887 1608 1916 simul

891 1943 916 1965 et
930 1935 1066 1964 silentium
1083 1934 1167 1972 solve,
1186 1941 1210 1962 et
1225 1934 1325 1963 silentii
1340 1944 1447 1963 causam
1463 1933 1565 1970 indica,
1581 1941 1607 1963 et

891 1982 1092 2022 quamprimum
1109 1981 1249 2020 epistolam
1263 1981 1349 2019 mitte,
1365 1992 1424 2020 quae
1445 1991 1493 2010 nos
1509 1980 1542 2010 de
1563 1988 1610 2010 tua

891 2028 1045 2058 valetudine
1070 2028 1194 2056 certiores
1215 2027 1306 2056 faeiat.
1329 2027 1375 2057 Sic
1395 2027 1466 2056 enim
1489 2027 1609 2056 maximo

891 2085 938 2104 nos
953 2074 1055 2104 afficies
1069 2073 1208 2110 beneficio,
1223 2080 1249 2102 et
1264 2073 1420 2102 solitudinis
1433 2084 1486 2102 non
1503 2073 1608 2102 medio-

891 2132 935 2150 cre
950 2121 1027 2150 nobis
1037 2120 1162 2150 solatium
1175 2119 1317 2159 praebebis,
1334 2119 1357 2149 si
1372 2119 1506 2159 ejusmodi
1518 2119 1608 2148 literas

890 2167 1082 2208 acceperimus.
1099 2165 1154 2196 Sed
1170 2176 1234 2195 cave
1254 2165 1393 2206 pigriteris
1408 2177 1414 2194 ι
1430 2176 1493 2194 nam
1514 2165 1536 2194 si
1556 2165 1608 2194 hac

891 2220 999 2253 accepta
1017 2212 1126 2242 demum
1145 2212 1258 2251 epistola
1277 2211 1414 2241 silentium
1434 2222 1532 2248 serves,
1555 2222 1607 2240 non

890 2259 1008 2299 amplius
1028 2258 1134 2289 veniam
1150 2257 1287 2293 dabimus,
1306 2257 1352 2287 sed
1365 2265 1392 2286 te
1411 2268 1486 2286 reum
1509 2257 1606 2296 ingrati

890 2305 972 2334 animi
986 2315 1151 2345 peragemus.
1166 2304 1248 2341 Quod
1262 2304 1322 2343 tibi,
1338 2311 1379 2334 sat
1393 2304 1458 2339 scio,
1473 2303 1608 2344 supplicio

889 2351 985 2391 quovis
999 2358 1065 2381 esset
1079 2350 1212 2381 acerbius.

1652 1280 1684 1300 Ab
1701 1287 1758 1300 :inno
