1843 2810
38 489 126 518 Philip.
142 494 163 510 ¹.

40 521 76 547 14.

39 679 62 692 2.
78 671 169 694 Tim-3.

50 2236 102 2257 Ast.
114 2241 190 2266 9.i.2.

187 184 256 220 606

188 259 283 298 vigiles
295 265 320 287 et
329 257 421 287 attenti
439 263 511 292 sunt,
528 267 581 285 non
595 254 674 284 modo
692 254 762 283 nihil
774 252 836 281 inde
857 263 899 280 ca-

187 305 266 345 piunt
285 303 446 339 detrimenti,
463 302 509 331 sed
530 301 646 341 amplius
669 300 731 328 inde
752 300 899 327 lucr-antur

189 351 278 386 Quam
294 349 329 379 ob
343 359 450 379 causam
468 355 493 376 et
507 347 571 376 istos
590 346 637 375 ubi
658 351 806 373 constanter
820 342 901 371 resti-

188 397 252 426 tisse
265 395 402 435 cognovit,
413 393 598 423 commendat.
610 399 635 420 et
648 391 682 419 de
696 390 756 418 aliis
767 389 816 417 ista
825 388 902 425 dicit,

189 452 233 470 eos
246 448 305 480 post
320 441 377 480 ejus
391 439 499 469 vincula
511 445 535 466 et
547 444 652 466 catenas
662 434 845 463 abundantius
854 444 901 461 au-

189 497 232 516 sos
256 496 312 515 esse
329 485 386 514 sine
410 485 504 512 timore
518 482 632 512 vmbum
656 480 704 509 Dei
726 478 810 518 loqui.
827 477 902 513 Quid

188 543 253 562 vero
271 539 390 570 tempore
403 529 519 569 Moysis,
535 526 643 565 quaeso}J
667 535 754 554 nonne
768 525 794 552 in
810 523 900 552 media

189 577 298 617 regione
310 576 425 605 hmbuo
432 585 490 603 rum
505 583 596 611 magos
605 572 684 600 etiam
699 570 820 610 permisit
832 571 905 598 Deus

191 633 281 651 rerum
292 631 399 650 suarum
410 618 542 658 specimen
553 615 698 644 exhibe1e⁰
724 625 812 643 nonne
822 614 905 652 hujus

191 678 296 707 quoque
310 665 430 695 meminit
441 663 556 693 historiae
571 661 693 690 Paulus?
712 660 905 699 Quemadmo-

191 715 261 742 dum
282 720 379 742 autem
395 712 508 740 Jannes
524 715 551 737 et
574 709 720 742 Jambres,
747 705 844 744 inquit,
862 715 905 733 re-

192 761 331 789 stiterunt
341 758 415 793 Mo)
418 758 452 789 si,
470 757 512 782 ita
531 760 558 782 et
573 754 604 781 hi
624 754 757 781 resistent
771 751 902 780 veritati.

192 805 231 833 Ita
247 812 394 840 numquam
411 800 553 828 defuerunt
567 809 651 837 neque
667 797 804 834 scandala,
821 806 906 834 neque

191 850 238 888 qui
260 848 396 878 occasione
418 846 527 874 illorum
542 855 638 873 corona
656 843 827 872 donalentur.
843 841 907 870 Haec

192 896 276 934 igitur
287 893 376 922 omnia
388 902 450 920 eum
464 890 554 919 animo
568 897 614 919 tuo
629 895 734 928 reputa,
752 897 836 925 neque
850 886 907 922 haec
921 898 939 921 c

192 947 312 975 tantum,
326 937 372 966 sed
387 943 412 965 et
427 942 557 974 quantum
575 945 608 963 ex
622 934 673 963 hac
688 944 716 962 re
733 933 839 961 lucrum
854 931 907 960 ob-

191 985 303 1015 venerit.
320 982 393 1012 Illud
407 992 511 1020 quoque
525 980 676 1016 considera,
696 978 825 1017 quasdam
841 977 908 1005 alias

192 1031 271 1060 etiam
284 1030 396 1058 istorum
410 1038 521 1056 arcanas
532 1037 587 1055 esse
599 1026 727 1062 iatione53
742 1034 825 1062 neque
837 1024 907 1052 enim

192 1076 251 1104 fieri
267 1082 364 1115 potest,
378 1080 408 1102 ut
435 1072 524 1101 omnia
545 1082 673 1108 sciamus,
697 1081 727 1099 ac
754 1080 794 1098 res
823 1068 908 1097 multo

192 1120 371 1160 prospeiiores
391 1124 532 1147 eventuras
549 1124 651 1156 postea,
674 1115 838 1153 multoque
829 1114 908 1142 nlura

192 1177 240 1195 nos
251 1164 381 1194 miracula
393 1169 568 1212 spectaturos:
578 1160 806 1199 quemadmodum
814 1166 839 1187 et
850 1166 910 1187 aeta-

191 1216 245 1238 tate
265 1208 365 1247 „loseph
386 1206 550 1247 principium
573 1204 681 1244 quidem
702 1203 909 1232 difficultatibus

192 1255 333 1293 obseptum
346 1252 406 1288 suit,
417 1251 520 1289 diuque
537 1261 578 1278 res
590 1248 776 1285 succedebant,
791 1259 849 1287 quae
863 1258 909 1287 pe-

194 1298 267 1326 nitus
292 1295 464 1336 promissioni
486 1292 817 1323 connariaevidebammw
833 1298 909 1331 post-

193 1351 223 1369 ea
231 1347 319 1369 tamen
331 1349 435 1367 omnem
445 1337 667 1385 exspectationem
676 1346 789 1374 superat
792 1335 812 1363 it
833 1345 910 1363 even-

194 1391 249 1413 tus.
261 1384 407 1412 Enimvero
419 1389 536 1420 tempore
548 1380 678 1419 passionis
691 1379 791 1407 Christi
799 1389 850 1407 non
862 1386 911 1407 sta-

194 1428 254 1464 tim,
264 1437 351 1465 neque
362 1427 388 1454 in
398 1425 509 1454 exordio
520 1431 544 1453 et
555 1424 631 1452 initio
644 1423 762 1462 prosperi
775 1432 911 1451 successus

194 1480 285 1499 omnes
310 1468 512 1508 germinarunt,
542 1466 589 1495 scd
612 1466 769 1494 scandalum
803 1466 912 1504 quidem

194 1512 305 1553 prodiit,
321 1518 346 1540 et
356 1521 440 1551 pauca
449 1509 570 1548 quaedam
582 1511 651 1538 sacta
660 1517 721 1538 sunt
729 1510 868 1548 miracula,
883 1518 912 1540 ut

195 1557 391 1596 corrigerentur
404 1555 451 1593 qui
466 1555 522 1583 lime
537 1555 635 1583 seelera
649 1554 804 1593 patrabant,
818 1566 848 1583 ac
862 1566 911 1584 su-

195 1603 253 1631 bito
263 1609 356 1631 cuneta
365 1600 559 1640 praeterierunt.
570 1600 703 1635 Quamvis
715 1600 786 1628 enim
799 1601 912 1630 scissum

196 1646 277 1675 fuerit
296 1653 354 1674 tum
368 1645 461 1683 templi
480 1644 582 1680 velum,
597 1650 622 1672 et
643 1650 724 1683 petrce
746 1645 832 1672 seissm
849 1645 911 1681 sint,

196 1698 222 1720 et
237 1690 277 1719 sol
291 1690 449 1718 obscuratus
464 1700 470 1715 :
485 1688 542 1716 liaec
557 1695 643 1716 tamen
655 1688 726 1716 intra
740 1698 825 1716 unum
839 1688 911 1717 diem

196 1733 361 1768 acciderunt,
385 1739 410 1760 et
435 1732 461 1759 in
485 1731 649 1760 oblivionem
671 1731 749 1769 vulgi
772 1738 910 1760 venerunt.

197 1780 290 1808 Postea
309 1788 373 1807 vero
385 1776 523 1806 confestim
537 1777 563 1804 in
579 1776 671 1815 fugam
685 1777 754 1805 versi
768 1784 829 1805 sunt
848 1788 911 1816 apo-

197 1825 228 1861 li,
248 1823 461 1864 persequutione,
485 1821 573 1858 bellis,
599 1821 705 1849 insidiis
725 1821 858 1859 divexati,
874 1822 913 1851 la-

197 1877 290 1906 tentes,
308 1867 466 1904 absconditi,
480 1874 553 1895 metu
569 1867 694 1906 correpti,
710 1866 850 1906 lapidibus
865 1879 912 1907 ap-

197 1913 274 1954 petiti
289 1913 402 1942 verbum
424 1911 475 1940 Dei
492 1910 809 1951 p1·aedicabant:tumque
826 1911 913 1952 pluri-

198 1969 274 1987 mum
303 1956 494 1986 dominabatur
525 1955 642 1994 populus
671 1955 839 1993 Judaeorum,
865 1956 913 1994 qui

199 2002 293 2031 fideles
310 2000 490 2036 abducebant,
511 1999 737 2038 circumagebant,
760 2000 912 2038 trahebant,

201 2044 445 2083 torquebant.Cum
457 2042 527 2071 enim
539 2042 592 2070 illis
600 2043 718 2070 faverent
730 2043 914 2081 magistratus,

201 2088 321 2128 quotidie
335 2087 503 2116 abducebant
517 2092 542 2114 et
556 2086 792 2115 circumducebant
810 2094 916 2126 aposto-

203 2135 252 2162 los,
267 2131 341 2167 Quid
353 2131 413 2159 dico
428 2131 557 2170 populum
571 2130 727 2159 Judaeorum
739 2137 765 2159 et
776 2131 916 2170 magistra-

203 2179 264 2207 tus?
276 2178 355 2206 Unus
370 2176 460 2214 opifex
477 2175 719 2211 tabernaculorum,
742 2175 813 2204 circa
835 2176 918 2215 pelles

202 2229 358 2262 occupatus,
375 2221 474 2249 Paulus
486 2220 567 2258 (quid
582 2231 661 2259 porro
683 2221 918 2250 tabernaculorum

206 2267 302 2307 opifice
324 2263 425 2293 vilius?
437 2266 445 2299 )
470 2270 541 2291 tanta
561 2264 710 2292 saexiebat
703 2265 814 2301 insania,
834 2272 864 2293 ut
876 2266 917 2294 vi-

204 2321 248 2339 ros
262 2320 292 2338 ac
305 2307 430 2337 mulieres
451 2306 578 2343 t1·aher,et
596 2313 620 2334 et
636 2307 662 2335 in
677 2318 808 2337 carcerem
833 2310 916 2348 conji-

205 2360 283 2388 ceret,
303 2359 328 2381 et
342 2351 393 2379 hoc
409 2349 562 2377 Crucifixus
577 2359 640 2378 cum
660 2359 785 2386 ce1··,ue1et
807 2353 917 2391 permit-

205 2397 286 2426 tebat.
304 2397 339 2424 At
352 2401 382 2422 tu
399 2392 461 2422 vide
477 2403 528 2430 quo
542 2399 620 2431 pacto
641 2393 738 2423 deinde
758 2402 815 2423 tum
830 2406 916 2434 perse—

205 2447 303 2480 quutor
317 2439 366 2467 iste
389 2446 479 2466 omnes
503 2437 677 2475 superaverit,
701 2444 725 2465 et
741 2449 781 2466 res
797 2438 845 2466 ista
861 2440 917 2467 sole

206 2486 263 2524 ipso
289 2483 385 2511 clarius
412 2480 553 2515 refulserit,
574 2487 712 2519 totumque
726 2482 818 2510 orbem
834 2488 915 2510 terra-

206 2539 265 2556 rum
281 2525 426 2564 occuparit.

502 194 528 216 S.
560 191 698 216 JOANNIS
724 188 891 213 CHRYSOST
898 203 905 210 .

934 187 1076 210 ARCHOEP
1083 202 1090 209 .
1119 186 1372 210 CONSTANTINOP
1379 201 1385 207 .

952 253 1051 280 λαλεῖν.
1066 251 1102 279 Τί
1115 251 1158 279 δαὶ
1170 251 1213 279 ἐπὶ
1230 250 1378 285 Μωϋσέως,
1394 249 1450 279 εἰπέ
1466 259 1524 288 μοι;
1534 249 1559 277 ἓν
1575 247 1642 286 μέσῃ
1656 249 1718 286 βαρ-

952 297 1039 336 &cipum
1048 296 1123 337 χώρα
1137 299 1183 325 οὒκ
1197 299 1296 351 οἶφῆκεν
1306 299 1319 325 ὁ
1331 297 1397 329 Θεὸς
1410 295 1453 324 καὶ
1469 295 1566 333 μάγους
1580 293 1614 322 τὰ
1630 295 1715 322 αὐτῶν

953 342 1145 377 ἐπιδείξασθαι;
1162 342 1220 381 οὐχι
1234 354 1278 370 και
1290 353 1386 377 ταυτης
1399 341 1531 379 μέμνηται
1545 341 1592 374 τῆς
1603 338 1720 378 ἱστορίας

954 391 967 417 ὁ
981 390 1100 423 Παῦλος;
1117 387 1168 416 “Ον
1182 387 1278 426 τρόπον
1299 387 1326 416 δὲ
1337 387 1438 422 Ἰαννῆς
1456 399 1503 415 και
1516 385 1659 440 Ῐαμὸρῆς,
1672 397 1720 423 φη-

955 446 1006 468 σιν,
1021 433 1181 468 ἀντέστησαν
1197 434 1322 468 Μωϋσεῖ,
1332 444 1400 461 ουτω
1410 432 1456 460 καὶ
1466 435 1536 460 οὗτοι
1548 430 1720 464 ἄντιστησον-

955 491 997 507 ται
1014 491 1046 515 τῃ
1071 479 1191 518 ἀληθεία.
1215 478 1306 510 Οὕτως
1325 477 1447 506 οὐδέποτε
1473 477 1595 506 ἐπέλιπεν
1610 476 1669 504 οὔτε
1687 474 1721 503 τὰ

956 524 1105 559 σκάνδαλα,
1121 524 1179 553 οὔτε
1199 526 1223 553 οἱ
1241 523 1441 562 στεφανούμενοι
1462 523 1502 551 διὰ
1515 521 1622 550 τούτοιν.
1638 521 1722 549 Ταῦτ’

957 573 1000 599 οὖν
1016 571 1120 598 ἅπαντα
1132 570 1252 608 λογίζου,
1268 581 1313 597 και
1330 569 1366 607 μὴ
1387 571 1470 597 ταῦτα
1486 569 1572 606 μόνον,
1595 567 1662 595 om&
1677 567 1722 595 καὶ

957 616 1014 645 ὅσον
1028 629 1057 644 7.5
1052 616 1117 655 ’ρδος
1132 616 1183 644 ἀπὸ
1197 627 1241 643 του
1255 616 1411 655 πράγματος
1423 613 1521 653 γέγονε.
1533 615 1646 642 Κάκεῖνο
1657 612 1722 641 σκό-

956 674 988 690 πε
994 674 1015 697 ι,
1029 661 1068 690 ὅτι
1083 662 1128 689 καὶ
1143 661 1227 700 ἕτεροί
1245 659 1312 693 τινές
1332 662 1396 688 εἰσιν
1414 660 1557 698 ἀπόρρητοι
1570 658 1643 696 ὶόγοι
1664 657 1722 686 τού-

957 719 1024 735 των·
1040 709 1068 736 οὔ
1083 707 1154 746 γὰρ
1146 707 1233 735 πάντα
1245 706 1340 735 εἰδέναι
1351 708 1422 743 ἡμᾶς
1439 704 1562 733 δυνατόν·
1577 715 1622 732 και
1635 715 1674 731 οτι
1690 702 1724 731 τὰ

957 754 1121 793 χρηστότερα
1136 752 1315 786 ἀπαντήσεται
1328 750 1395 789 μετὰ
1414 753 1513 786 ταῦτα,
1530 749 1574 777 καὶ
1595 749 1693 777 πλείων
1706 751 1723 783 ἡ

957 797 1175 837 παραδοξοποιία·
1188 809 1278 836 ωσπερ
1289 800 1331 825 οὖν
1345 796 1389 825 ἐπι
1401 798 1446 825 τοῦ
1458 795 1582 834 Ἰωσὴφὴ
1596 806 1642 833 μεν
1655 793 1725 833 ἀρχὴ

958 844 1095 872 δυσκολιαν
1112 847 1166 882 εἶχε
1175 865 1182 877 ,
1192 855 1237 871 και
1250 843 1303 881 μέγ-
1306 855 1330 881 ρι
1341 843 1437 871 πολλ”
1410 853 1437 870 ου
1450 841 1543 881 προῄει
1556 841 1589 869 τὰ
1600 840 1725 896 πράγμα-

958 901 1004 923 τα,
1020 890 1175 922 ἀπεναντίας
1191 892 1256 917 εἶναι
1269 889 1393 917 δοκοῦντα
1407 889 1439 926 τῆ
1451 887 1606 925 ὑποσχέσει
1618 885 1725 924 ὕστερον

959 935 985 963 δε
1000 935 1104 973 μείζονα
1119 937 1170 963 τῶν
1181 934 1411 974 προσδοκηθέντων
1432 933 1541 971 ἐγένετο.
1558 933 1610 961 Καὶ
1625 932 1669 960 ἐπὶ
1680 934 1727 959 τοῦ

960 984 1071 1019 σταυροῦ
1088 980 1115 1008 δὲ
1136 981 1182 1008 οὐκ
1195 980 1304 1014 εὐθέως,
1318 979 1374 1007 οὐῗὲ
1385 980 1411 1007 ἐν
1422 978 1569 1017 προοιμίοις
1581 977 1624 1006 καὶ
1636 978 1661 1005 ἐν
1677 979 1726 1016 ἀρ·-

959 1029 994 1065 γῇ
1015 1027 1044 1055 τὸ
1069 1026 1227 1066 κατόρθωμα
1252 1026 1321 1054 ἅπαν
1347 1024 1518 1059 {Gaio-tmen»,
1533 1023 1600 1052 ἀλλὰ
1625 1023 1655 1051 τὸ
1679 1023 1726 1060 μὲν

959 1073 1104 1101 σκάνδαλον
1120 1072 1228 1110 προῄει,
1239 1071 1284 1099 καὶ
1297 1070 1372 1108 ὀλίγα
1383 1069 1440 1098 τινὰ
1454 1070 1542 1108 γέγονε
1560 1072 1656 1106 σημεῖα
1668 1067 1728 1097 026-

960 1129 1040 1155 ματος
1048 1117 1133 1145 ἕνεκεν
1145 1117 1190 1145 καὶ
1202 1119 1249 1152 τῆς
1261 1115 1420 1155 διορθώσεως
1430 1118 1481 1144 τῶν
1489 1117 1571 1143 ταῦτα
1579 1114 1728 1152 τολμησάν-

959 1175 1021 1199 των,
1037 1163 1082 1191 καὶ
1103 1163 1197 1195 εὐθέως
1211 1163 1315 1191 ἅπαντα
1329 1161 1507 1199 παρέδραμεν.
1523 1162 1555 1189 Εἰ
1570 1161 1621 1200 γὰρ
1641 1161 1685 1189 καὶ
1698 1160 1729 1189 τὸ

960 1209 1154 1246 καταπέτασμα
1169 1208 1279 1247 ἒογίσθη
1294 1210 1339 1236 τοῦ
1350 1210 1412 1235 ναοῦ
1424 1207 1496 1242 τότε,
1513 1207 1558 1235 καὶ
1571 1206 1668 1246 πέτραι
1683 1208 1729 1246 ἐῤ-

962 1254 1090 1308 ῥάγησαν,
1106 1265 1151 1282 και
1170 1254 1242 1288 ἥλιος
1266 1253 1419 1288 ἐσκοτίσθη,
1439 1252 1507 1281 ἀλλὰ
1527 1264 1610 1280 ταυτα
1633 1253 1660 1279 ἐν
1681 1263 1729 1290 μια

961 1299 1049 1340 ἡμέρα
1062 1312 1105 1328 και
1122 1302 1148 1328 ἐν
1161 1300 1227 1338 ληθῃ
1236 1299 1324 1338 γέγονε
1338 1298 1411 1337 παρὰ
1423 1303 1476 1331 τοῖς
1486 1299 1601 1331 πολλοῖς.
1614 1296 1716 1326 Μετὰ
1703 1308 1730 1325 οε

962 1349 1044 1374 ταῦτα
1066 1345 1159 1377 εὐθέως
1183 1347 1208 1374 ἐν
1230 1347 1299 1384 φυγῇ
1322 1346 1346 1373 οἷ
1369 1344 1523 1380 ἀπόστολοι,
1545 1345 1570 1372 ἐν
1585 1342 1715 1379 διώξει,’
1703 1355 1730 1372 εν

962 1390 1100 1428 πολέμοις,
1119 1392 1145 1419 ἐν
1160 1390 1324 1424 ἐπιδουλαῖς,
1347 1389 1527 1422 λανθάνοντες,
1540 1388 1730 1427 κρυπτόμενοι,

963 1436 1118 1471 δεδοικότες,
1133 1435 1350 1472 καταλευόμενοι,
1371 1434 1439 1462 οὕτω
1456 1435 1498 1463 τὸν
1521 1433 1596 1472 λόγον
1617 1434 1730 1472 ἐκήρυτ-

963 1493 1005 1510 τον
1016 1493 1022 1499 ·
1037 1481 1081 1510 καὶ
1095 1483 1120 1510 ἐν
1137 1480 1275 1520 δυναστεία
1289 1481 1373 1517 πολλῇ
1388 1482 1439 1508 τῶν
1459 1479 1593 1508 Ἰουδαίων
1606 1482 1619 1507 ὃ
1635 1480 1731 1517 δῆμος,

963 1528 979 1555 ἀ
981 1527 1088 1566 υόντων,
1100 1527 1288 1566 περιαγόντων,
1305 1526 1443 1559 ἑλκόντων,
1459 1525 1661 1564 σπαραττόντων
1673 1537 1733 1557 τους

963 1573 1142 1606 πιστώοντας.
1170 1573 1222 1601 Και
1246 1572 1298 1612 γὰρ
1322 1584 1380 1604 τους
1396 1572 1523 1610 ἄρχοντας
1546 1573 1603 1609 μεθ’
1633 1573 1732 1600 ἑαυτῶν

964 1618 1083 1657 ἔχοντες,
1097 1621 1155 1647 καθ’
1169 1618 1283 1653 ἑκάστην
1297 1613 1361 1656 ἦγον
1377 1629 1421 1646 και
1435 1619 1560 1656 περιῆγον
1582 1629 1641 1650 τους
1662 1618 1731 1645 ἀπο-

965 1676 995 1693 στ
998 1664 1082 1696 όλους
1095 1664 1148 1692 Καὶ
1167 1664 1193 1692 τί
1206 1664 1275 1703 λέγω
1290 1667 1341 1692 τῶν
1363 1663 1495 1692 Ἰουδαίων
1515 1675 1558 1691 τον
1580 1664 1662 1701 δῆμον
1687 1662 1732 1690 καὶ

965 1710 1109 1748 ἄρχοντας
1127 1705 1174 1741 Εἷς
1188 1709 1382 1748 σκηνορράφος,
1398 1709 1458 1746 περὶ
1476 1708 1594 1746 δέρματα
1612 1709 1731 1746 ἣσχολη-

966 1756 1058 1794 μένος,
1072 1757 1085 1783 ὃ
1097 1756 1172 1783 Παυλ
1174 1767 1199 1786 ος
1214 1754 1257 1789 (τί
1273 1754 1300 1783 δὲ
1317 1753 1498 1793 σκηνοῤῥάφου
1519 1753 1606 1782 εὖτελε
1595 1765 1697 1792 ,στερον
1707 1756 1732 1789 ;)

964 1801 1078 1839 τοσαύτῃ
1101 1800 1229 1839 ἐκέχρητο
1242 1801 1275 1838 τῇ
1296 1799 1391 1838 μανίᾳ,
1404 1801 1439 1831 ὡς
1464 1799 1550 1838 σύρειν
1571 1799 1666 1838 ἄνδρας
1686 1799 1732 1827 καὶ

964 1851 1086 1885 γυναῖκας
1098 1846 1143 1875 καὶ
1153 1844 1325 1885 παραδιδόναι
1339 1846 1375 1877 εἷς
1387 1844 1505 1884 φυλακήν
1514 1857 1519 1862 ·
1529 1844 1574 1874 καὶ
1585 1846 1599 1872 ὁ
1613 1855 1732 1882 σταυρω-

928 1897 948 1920 Ε
966 1892 1016 1925 Οεὶς
1026 1891 1144 1931 ἠνείχετο
1157 1894 1242 1920 ταῦτα
1257 1893 1332 1929 ὁρῶν.
1347 1890 1427 1920 Ἀλλὰ
1441 1890 1489 1929 ὅρα
1503 1891 1558 1923 πῶς
1571 1889 1637 1928 μετὰ
1649 1893 1732 1918 ταῦτα

965 1941 1038 1971 οὕτος
1059 1949 1087 1966 τε
1110 1941 1124 1966 ὃ
1143 1937 1255 1972 διώκτης
1282 1936 1382 1969 πάντας
1407 1936 1612 1977 ὑπερηκόντισε,
1632 1935 1676 1964 καὶ
1701 1935 1736 1963 τὸ

965 1989 1076 2023 πρᾶγμα
1090 1983 1155 2022 ὑπὲρ
1170 1983 1213 2012 τὸν
1237 1983 1318 2018 ἥλιονι
1327 1982 1469 2021 διέλαμψε,
1489 1981 1533 2011 καὶ
1548 1986 1634 2011 πᾶσαν
1650 1980 1732 2010 κατέ-

967 2042 1015 2069 σχε
1026 2030 1073 2065 τὴν
1091 2029 1253 2067 οἰκουμένην.
