1843 2810
208 165 278 201 620

207 249 311 277 quoque
325 238 464 275 tumultus,
473 239 520 278 qui
536 240 563 268 in
578 240 629 269 hae
639 250 734 279 magna
746 239 853 267 civitate
867 248 918 265 000-

207 291 312 324 petunt,
325 284 400 323 quasi
416 296 449 313 ex
463 286 533 314 sonte
548 286 574 314 in
587 286 677 314 omnia
698 286 754 313 loca
771 283 868 312 sensim
883 283 920 310 ef-

207 330 335 367 11011111,οῑ
344 330 432 359 clerici
442 331 543 369 ubique
555 332 580 359 in
594 331 729 370 episcopos
740 330 920 367 insurgunt‚et

208 375 324 414 episcopi
340 375 374 403 ab
387 375 516 415 episcopis
524 398 532 413 ,
546 383 571 404 01
585 375 679 415 populi
693 385 708 402 a
719 374 827 414 populis
847 372 922 402 scissi

209 427 281 456 sunt,
295 427 321 448 et
334 420 380 448 alii
392 421 545 460 propediem
568 421 732 456 scindentur,
748 427 772 448 et
784 426 921 458 exspecta-

209 471 253 493 tur
277 465 376 504 ubique
401 466 532 494 malorum
562 472 664 505 partus,
689 465 815 503 orbisque
841 464 923 492 totius

209 510 355 539 subversio.
364 511 460 549 Igitur,
471 510 573 539 domini
586 510 636 538 mei
650 510 766 538 maxime
778 508 923 538 venerandi

210 562 236 584 et
247 555 365 595 pii,eum
376 556 432 584 11030
444 556 479 583 ita
492 556 625 584 5011011010
635 554 794 589 didiceritis,
804 553 923 582 studium

210 608 330 629 vestrum
344 608 369 629 et
384 611 507 639 magnam
528 601 698 639 diligentiam
712 600 848 636 adhibete,
871 609 924 637 quo

211 646 369 675 retundatur
381 647 437 675 haee
451 657 509 684 qnae
526 646 553 674 111
569 646 701 675 Εο0105105
712 646 811 685 irrupit
826 645 925 684 iniqui-

210 699 259 721 tas.
274 692 381 731 Quippe
399 692 421 720 si
442 703 498 720 mos
512 692 557 720 hic
578 691 732 729 invaluerit,
748 698 773 720 et
786 692 825 719 fas
847 691 927 719 fuerit

211 738 299 766 cuivis
313 739 339 766 in
352 738 466 766 alienam
480 737 622 777 paroeciam
633 737 789 776 irrumpere,
802 736 882 774 idque
893 747 926 765 ex

211 783 293 811 tantis
308 783 466 820 intervallis,
482 790 507 811 et
519 783 613 822 ejicere
627 793 693 821 quos
705 782 829 818 voluerit,
842 788 866 810 et
877 792 925 810 au-

213 829 331 857 ctoritate
343 828 450 867 propria
462 839 574 866 quaeque
588 839 636 867 pro
650 827 763 856 libidine
776 837 823 855 sua
833 827 927 863 facere,

212 874 305 902 scitote
318 873 392 911 quod
402 873 478 902 brevi
490 873 640 901 transibunt
651 873 750 907 omnia,
764 879 789 900 et
805 878 873 900 totus
885 883 928 900 01-

212 919 254 947 bis
268 926 405 958 premetur
420 919 490 947 bello
506 918 675 958 inexpiabili,
689 918 814 947 omnibus
827 917 928 956 ejectis,

212 972 238 993 et
259 975 350 993 omnes
375 964 552 1003 ejicientibus.
577 964 748 1003 Quapropter
764 974 796 991 ne
811 963 930 991 confusio

213 1010 271 1038 hare
285 1020 390 1038 omnem
403 1020 461 1048 quae
476 1009 526 1037 sub
538 1009 602 1037 ezelo
613 1015 651 1037 est
663 1009 797 1037 nationem
809 1007 930 1044 invadat,

213 1055 322 1083 obsecro
338 1062 366 1083 111
381 1055 481 1083 scribas
497 1054 569 1092 quod
590 1054 646 1083 haec
668 1061 724 1082 tam
744 1054 835 1091 inique
849 1053 928 1090 sacta,

213 1108 239 1129 ct
255 1102 289 1129 011
304 1112 356 1129 11110
371 1101 457 1129 50111111
474 1107 548 1139 parte
563 1099 718 1128 absentibus
733 1100 821 1135 nobis,
839 1105 863 1126 et
879 1108 930 1126 non

213 1147 410 1175 declinantibus
421 1146 565 1185 judicium,
579 1156 631 1174 11011
646 1146 745 1174 hahent
760 1145 850 1180 robur,
864 1144 932 1172 sicut

214 1203 298 1231 neque
319 1203 366 1220 sua
383 1199 476 1220 natura
500 1191 615 1219 habent:
629 1191 669 1219 illi
692 1198 781 1219 autem
802 1190 848 1228 (1111
867 1190 932 1218 adeo

214 1238 304 1276 inique
317 1238 399 1276 egisse
415 1236 573 1276 deprehensi
587 1243 659 1272 511111,
675 1246 758 1275 poenae
773 1235 933 1264 ecelesiasti-

215 1294 307 1312 carum
333 1284 423 1322 legum
444 1283 618 1322 subjaceant:
632 1282 708 1311 nobis
732 1293 805 1319 vero,
822 1282 869 1320 qui
886 1291 933 1310 nec

216 1329 342 1366 convicti,
366 1339 413 1357 nee
438 1328 583 1367 redarguti,
600 1338 648 1357 nec
670 1327 757 1356 habiti
778 1334 807 1355 ut
830 1327 866 1355 rei
890 1337 933 1355 su-

215 1385 285 1409 mus,
296 1374 381 1402 literis
393 1373 488 1402 vestris
499 1380 523 1401 et
536 1373 645 1401 caritate
657 1379 753 1409 vestra,
766 1372 934 1409 aliorumque

215 1419 346 1454 omnium,
362 1429 476 1457 quornm
491 1418 591 1446 50111001
602 1425 627 1446 01
641 1424 716 1446 antea
730 1417 853 1445 societate
865 1417 935 1445 frue-

217 1465 323 1500 bamur,
338 1464 391 1492 srui
412 1463 557 1492 concedite.
578 1463 606 1491 Si
621 1469 710 1491 autem
726 1462 873 1491 adversarii
888 1472 935 1490 no-

218 1510 276 1545 stri,
293 1509 339 1547 qui
355 1509 390 1537 ita
406 1509 497 1546 inique
511 1515 632 1547 egerunt,
645 1507 736 1536 adhuc
757 1507 863 1546 fingunt
884 1507 936 1535 cri-

218 1555 290 1583 mina
301 1554 423 1592 quaedam
434 1560 542 1593 propter
555 1564 612 1591 (111ῖο
623 1564 670 1581 1105
683 1552 779 1591 injuste
791 1553 935 1591 ejecerunt,

219 1610 272 1628 non
286 1600 355 1628 datis
370 1599 446 1627 nobis
460 1599 542 1635 actis,
555 1609 640 1636 neque
654 1597 769 1633 libellis,
784 1607 867 1636 neque
880 1608 938 1625 ma-

220 1645 351 1674 nifestatis
364 1644 606 1674 0001150101111115ε51
621 1643 719 1672 dentur
730 1643 834 1683 judices
849 1643 938 1671 incor-

220 1691 302 1730 rupti,
317 1701 438 1729 agemus,
456 1697 480 1718 01
497 1689 633 1718 tuebimur
653 1689 733 1717 etiam
756 1699 803 1717 nos
826 1688 940 1716 libenter

224 1747 342 1773 causam,
359 1735 619 1772 monstrabimusque
631 1744 678 1762 nos
692 1744 743 1762 non
758 1744 814 1762 esse
827 1744 884 1761 reos
896 1743 939 1761 00-

220 1793 282 1811 rum
296 1793 355 1820 quae
371 1781 448 1810 nobis
465 1780 608 1820 objiciunt,
625 1780 693 1808 sicut
706 1787 731 1808 et
745 1779 823 1818 plane
837 1778 940 1807 innoxii

222 1838 315 1856 sumus
333 1839 338 1855 :
358 1834 382 1855 et
408 1833 498 1855 contra
525 1836 583 1864 quse
606 1825 641 1853 ab
664 1825 728 1864 ipsis
757 1825 825 1853 sacta
850 1831 940 1853 contra

223 1883 330 1901 omnem
344 1879 405 1901 sunt
427 1871 560 1907 ordinem,
572 1877 663 1899 contra
675 1880 765 1898 omnes
780 1870 862 1909 leges,
879 1880 941 1898 eon-

224 1926 264 1947 tra
279 1929 370 1946 omnes
391 1917 580 1946 ecclesiasticos
600 1926 723 1945 canones.
740 1915 776 1944 Et
799 1915 866 1954 quid
881 1915 942 1944 dieo

224 1975 335 1993 canones
359 1963 571 1992 ecclesiasticos?
585 1963 676 2000 Neque
690 1961 717 1990 in
732 1961 873 2000 gentilium
895 1962 941 2000 ju-

224 2011 312 2046 diciis,
330 2020 414 2047 neque
436 2009 462 2037 in
482 2008 661 2036 barbarorum
683 2006 864 2036 tribunalibus
879 2006 943 2035 talia

226 2062 351 2085 attentata
377 2061 439 2083 sunt
461 2064 589 2092 umquam
605 2053 677 2081 :imo
692 2063 754 2082 vero
771 2063 854 2091 neque
874 2054 943 2092 Scy-

226 2101 290 2137 thae,
317 2111 403 2138 neque
428 2100 592 2127 Sauromatae
622 2109 752 2136 umquam
772 2097 943 2136 judicarunt,

223 2146 359 2186 judicium
380 2144 501 2173 dandum
527 2144 574 2172 11111
598 2143 678 2183 parti,
701 2143 808 2172 absente
832 2154 861 2172 ea
884 2154 944 2182 quae

227 2198 382 2226 accusatur,
398 2197 422 2218 et
444 2190 545 2218 vitante
564 2200 616 2218 non
633 2188 783 2228 judicium,
794 2189 944 2217 5011101101-

229 2237 315 2272 011105,
337 2243 362 2264 01
388 2235 526 2263 invocante
550 2235 634 2262 multa
658 2234 745 2263 millia
767 2234 902 2273 judicum,
918 2242 944 2263 et

532 178 560 200 S.

940 375 959 396 A

228 2292 389 2326 protestante
403 2294 492 2312 eoram
505 2290 559 2311 toto
571 2283 635 2312 orbe
647 2283 842 2313 declaraturam
854 2295 881 2313 se
893 2295 945 2313 non

229 2346 284 2365 esse
298 2345 381 2370 ream,
397 2332 621 2372 depulsuramque
638 2332 762 2370 crimina,
778 2340 803 2362 et
826 2341 945 2363 ostensu-

262 2427 275 2445 ·l
293 2425 338 2450 Alii
352 2429 388 2450 καὶ
398 2428 476 2458 κλῆροι
486 2427 602 2456 πολλαχοῦ
610 2428 769 2455 ἐπανέστησαν,
778 2429 890 2452 ἐπὶσκοποι
901 2430 987 2453 ἐπισκό-

229 2478 291 2494 mus·
306 2469 343 2490 md
356 2467 406 2489 aaut
417 2466 576 2495 &euroeam-a-
594 2461 717 2486 Palladius
729 2467 764 2488 καὶ
776 2466 885 2497 κληρωτοί.

262 2513 272 2524 a
292 2506 345 2528 Duo
357 2503 414 2527 Mss.
433 2504 589 2530 ἀναστείλητε.
603 2500 727 2525 Palladius
740 2506 878 2528 ἀποστεῖλαι.

262 2545 274 2563 b
293 2544 405 2574 011011101-
418 2541 474 2566 MSS.
488 2545 637 2573 πράττοντας.
649 2539 773 2564 Palladius
786 2545 931 2573 πράττοντες.

592 177 732 201 JOANMS
759 175 939 199 CHRYSOST-
970 175 1125 199 ARCfflEP.
1155 176 1421 199 CONSTANTINOP.

973 236 1007 265 τὰ
1021 239 1072 265 τῶν
1087 238 1200 276 Θορῦὗων
1211 241 1346 278 πανταχοῦ
1359 237 1458 277 προέὅη
1467 259 1474 273 ,
1487 235 1551 264 ἀκαὶ
1563 237 1655 274 κλῆροι
1669 248 1739 265 παν-

974 285 1056 321 ταχοῦ
1077 283 1255 318 ἐπανέστησαν
1271 283 1439 318 ἐπισκόποις,
1456 282 1501 311 καὶ
1523 281 1660 310 ἐπίσκοποι
1679 282 1740 309 ε’πι-

931 347 967 365 520
977 327 1093 363 σκόπων,
1109 327 1153 356 καὶ
1172 329 1229 357 λαοὶ
1248 329 1294 367 μὲν
1303 331 1373 358 λαῶν
1386 328 1580 367 διεσήίσθησαν,
1590 326 1657 355 ote&
1680 326 1742 364 μέλ-

976 374 1050 401 λουσι
1059 394 1066 407 ,
1081 372 1125 401 καὶ
1146 377 1279 412 πανταχοῦ
1299 376 1351 402 τῶν
1364 376 1451 402 κακῶν
1464 374 1567 407 ὠδῖνες,
1580 372 1624 400 καὶ
1638 373 1685 405 ῒῆς
1703 373 1743 400 Οἷ-

977 418 1104 455 κουμένης
1113 418 1216 453 ἁπάσης
1227 419 1370 457 ἀνατροπ-ή.
1384 419 1518 450 Μαθόντες
1531 418 1615 447 τοίνυν
1626 417 1743 452 ἅπαντα,

978 463 1061 502 κύρ1οί
1073 475 1121 501 μου
1134 463 1288 501 τιμιώτατοι
1303 465 1347 492 καὶ
1363 465 1564 498 εὐλαδέστατοι,
1580 462 1628 498 τὴν
1642 462 1727 502 προσή
1737 478 1744 482 -

978 521 1073 538 κουσαν
1087 511 1147 546 ὑμῖν
1162 509 1280 548 ἀνδρείαν
1296 510 1340 538 καὶ
1360 510 1474 544 σπουδὴν
1489 508 1662 543 ἐπιδείξασθε,
1674 507 1743 535 ὥστε

978 554 1144 593 παρανομίαν
1160 554 1287 589 τοσαύτην
1301 556 1496 583 ἐπεισελθοῦσαν
1506 559 1562 586 ταῖς
1572 552 1744 587 Ἔκκλησίαις

978 601 1158 628 ΰάναστεῑλαι.
1184 601 1217 628 Εἰ
1237 600 1288 639 γὰρ
1309 603 1384 629 τοῦτο
1404 600 1542 638 κρατήσειε
1562 599 1591 627 τὸ
1616 599 1684 633 ἔθος,
1700 597 1745 626 καὶ

980 646 1034 679 ἐξὸν
1049 646 1152 684 γένηται
1167 651 1219 678 τοῖς
1233 646 1397 683 βουλομένοις
1410 647 1444 678 εἰς
1459 645 1505 677 τὰς
1521 644 1657 683 ἀλλοτρίας
1671 643 1745 672 ἀπιέ-

981 704 1022 720 ναι
1043 691 1180 730 παροικίας
1196 693 1225 720 {n
1239 691 1366 720 τοσούτων
1381 690 1576 728 διαστημάτων,
1593 689 1637 717 καὶ
1653 689 1746 718 {neovi-

981 739 1035 766 λειν
1048 737 1089 769 οὒς
1102 738 1131 766 ἂν
1147 738 1228 765 ἐθέλοι
1242 750 1295 772 τις,
1310 739 1367 765 κατ’
1386 736 1501 770 ἐξουσίαν
1516 736 1582 764 ἰδίαν
1595 735 1750 774 1’προίτ-τειν,

982 783 1049 821 ἅπερ
1061 782 1090 811 ἂν
1106 783 1239 818 ἐθέλωσιν,
1253 783 1307 811 ἴστε
1321 782 1362 811 ὅτι
1376 782 1461 811 πάντα
1476 781 1626 820 οἰχήσεται,
1641 780 1686 808 καὶ
1698 779 1749 808 πό-

981 828 1060 866 λεμός
1076 841 1114 861 τις
1129 827 1275 866 ἀκήρυκτος
1293 832 1380 856 πᾶσαν
1393 828 1576 867 ἐπιδραμεῖται
1597 826 1644 861 τὴν
1667 827 1750 854 οἷκουν

985 874 1073 911 μένην,
1087 873 1192 901 πάντων
1216 873 1315 905 πάντας
1341 872 1488 911 βαλλόντων
1504 872 1548 900 καὶ
1574 869 1751 909 βαλλομένων.

983 918 1042 947 Ἵνα
1065 914 1107 947 οὖν
1140 918 1175 956 μὴ
1195 918 1308 953 τοσαύτη
1333 918 1456 957 σύγχυσις
1481 917 1620 955 καταλάίῗῃ
1646 916 1692 951 τὴν
1709 915 1752 954 ὑφ’

984 966 1057 1000 ἥλιον
1069 969 1156 992 πᾶσαν
1165 985 1172 997 ,
1187 965 1333 992 ἐπιστεῖλαι
1347 964 1551 1002 οπαρακλήθητε
1571 963 1605 992 τὰ
1626 962 1672 1001 μὲν
1685 961 1754 991 οὕτω

986 1010 1144 1048 παρανόμως
1157 1009 1316 1047 γεγενημένα
1335 1010 1453 1037 ἀπόντων
1473 1011 1564 1046 ἡμῶν,
1578 1008 1623 1036 καὶ
1642 1009 1670 1036 ἐκ
1692 1011 1753 1044 μιᾶς

988 1055 1092 1094 μοίρας,
1115 1055 1159 1083 καὶ
1183 1056 1211 1082 οὔ
1233 1055 1470 1093 παραιτησαμένων
1495 1054 1598 1093 κρίσιν,
1623 1051 1753 1091 μηδεμίαν

986 1102 1055 1141 ἔχειν
1073 1100 1145 1140 ἷσίὺν
1155 1123 1162 1136 ,
1184 1100 1273 1139 ὥσπερ
1293 1095 1335 1128 οὖν
1349 1100 1405 1128 οὐδὲ
1425 1099 1480 1138 ἔχει
1494 1099 1545 1138 11τῇ
1559 1098 1641 1136 οἰκείᾳ
1663 1097 1753 1136 φύσει·

986 1146 1045 1180 τοὺς
1071 1146 1097 1175 δὲ
1124 1149 1231 1175 τοιαῦτα
1252 1146 1490 1185 παρανομήσαντας
1515 1143 1701 1183 ἐλεγχομένους
1716 1143 1754 1181 τῷ

988 1192 1112 1231 ἐπιτιμίῳ
1136 1192 1331 1221 ὑποδάλλεσθαι
1348 1194 1399 1220 τῶν
1415 1192 1639 1226 ἐκκλησιαστικῶν
1651 1188 1738 1226 νόμων
1748 1198 1754 1204 ·

988 1241 1058 1277 ἡμας
1073 1239 1099 1267 δὲ
1115 1250 1174 1270 τους
1197 1249 1244 1277 007
1264 1237 1388 1273 ἇὶόντας,
1412 1239 1458 1266 οὐκ
1484 1235 1684 1274 ἐλεγχομένους,
1707 1234 1754 1261 οὐκ

988 1284 1188 1323 ἀποδειχθέντας
1200 1282 1367 1318 υπευθύνους,
1382 1294 1434 1311 των
1445 1281 1609 1320 γραμμάτων
1624 1291 1675 1308 των
1690 1281 1756 1316 ὑμε-

987 1330 1069 1384 τέρων
1082 1328 1139 1357 δότε
1154 1328 1268 1356 ἀπολαύε
1260 1340 1295 1356 ειν
1310 1329 1438 1366 συνεχῶς,
1456 1339 1500 1355 και
1518 1329 1564 1360 τῆς
1579 1325 1696 1363 ἀγάπης,
1711 1322 1756 1352 καὶ

989 1375 1093 1404 πάντων
1105 1386 1155 1402 των
1171 1374 1272 1409 ἅλ,λων
1290 1376 1376 1411 ὧνπερ
1387 1373 1432 1401 καὶ
1443 1372 1597 1411 ἔμπροσθεν.
1611 1372 1643 1399 Εἰ
1659 1370 1685 1399 δε
1700 1369 1757 1408 βου-

989 1422 1075 1449 λοιντο
1087 1420 1133 1448 καὶ
1142 1422 1185 1448 νῦν
1202 1421 1225 1447 οἱ
1237 1419 1269 1448 τὰ
1285 1421 1392 1447 τοιαῦτα
1406 1417 1640 1457 παρανομήσαντες
1659 1415 1758 1454 ἓγκλή·

992 1477 1063 1505 ματα
1084 1465 1239 1504 γυμνάζειν,
1264 1466 1302 1504 ἐφ’
1330 1461 1366 1496 οἷς
1398 1466 1468 1501 ἡμᾶς
1497 1462 1592 1495 ἀδίκως
1621 1461 1757 1496 ἕξέὸαλον,

991 1511 1188 1550 ὑπομνημάτων
1209 1513 1272 1548 ἡμῖν
1295 1512 1323 1538 οὐ
1346 1509 1485 1543 δοθέντων,
1507 1509 1535 1537 οὐ
1560 1507 1706 1542 λιῧέλλων,
1728 1507 1757 1534 οὗ

992 1557 1144 1597 κατηγόρων
1167 1556 1313 1595 φανέντων·
1337 1554 1504 1594 δικαστηρίου
1526 1553 1679 1585 καθίσαντος
1699 1552 1760 1580 ἀδε-

993 1603 1105 1638 κάστου,
1131 1602 1175 1631 καὶ
1198 1602 1372 1639 δικασόμεθα,
1399 1600 1444 1628 καὶ
1459 1598 1694 1637 ἀπολογησόμεθα,
1715 1597 1760 1626 καὶ

994 1649 1162 1686 ἀποδείξομεν
1197 1647 1303 1679 ἑαυτοὺς
1332 1646 1482 1678 ἀνευθύνους
1509 1647 1561 1673 τῶν
1592 1643 1760 1683 ἐπαγομένων

993 1697 1067 1731 ἡμῖν,
1081 1694 1171 1733 ὥσπερ
1193 1689 1236 1722 οὖν
1256 1693 1300 1721 καὶ
1321 1691 1412 1729 ἐσμέν·
1427 1691 1460 1720 τὰ
1475 1690 1526 1729 γὰρ
1544 1694 1587 1719 νῦν
1601 1689 1761 1728 γεγενημένα

994 1741 1056 1778 παρ’
1069 1751 1116 1767 αυτ
1118 1741 1153 1767 ῶν
1167 1738 1254 1772 πάσης
1274 1737 1346 1769 ἐκτός
1369 1738 1438 1765 ἐστιν
1453 1735 1620 1770 ακολουθίας,
1635 1735 1680 1763 καὶ
1694 1745 1762 1763 παν-

994 1798 1037 1819 τος
1049 1785 1127 1823 νόμου
1140 1797 1185 1813 και
1197 1783 1302 1815 κανόνος
1319 1784 1545 1817 ἓκκλησιοιστικοῧ.
1569 1781 1621 1809 Και
1642 1780 1667 1808 τί
1693 1780 1762 1818 λέγω

996 1831 1101 1863 κανόνος
1123 1831 1355 1865 εκκλησιαστικους
1372 1827 1441 1856 Οὐδὲ
1462 1829 1488 1855 ἐν
1503 1831 1556 1859 τοῖς
1579 1826 1626 1859 ἔξω
1649 1825 1696 1863 μὲν
1719 1827 1763 1853 οὖν

997 1876 1173 1915 δικαστηρίοις
1193 1877 1301 1904 τοιαῦτα
1317 1873 1447 1911 ἐτολμήθη
1462 1872 1525 1900 ποτὲ
1532 1894 1539 1906 ,
1555 1873 1653 1909 μᾶλλον
1669 1870 1695 1899 δὲ
1707 1869 1763 1899 οὐδὲ

997 1924 1021 1951 ἐν
1039 1921 1221 1961 βαρῧαρικῷ
1207 1918 1384 1958 οικαστηρίῳ,
1400 1918 1457 1946 ουδὲ
1477 1917 1595 1952 Σκύθαι,
1612 1915 1670 1944 οὐδὲ
1690 1916 1765 1944 Σαυ-

998 1967 1110 2007 ρομάται
1125 1966 1206 1998 οὕτως
1217 1965 1248 1994 ἄν
1263 1976 1326 1993 ποτε
1337 1963 1459 1993 ἕοίκασαν
1476 1965 1505 1992 ἐκ
1518 1974 1579 2000 μιας
1598 1961 1689 2000 μοίρας
1709 1972 1764 2000 κρι-

996 2025 1102 2047 ναντες,
1117 2012 1225 2044 ἀπόντος
1247 2023 1291 2040 του
1316 2011 1490 2047 αιτιωμενου,
1503 2007 1710 2047 παραιτουμένου
1736 2007 1765 2035 οὐ

998 2060 1093 2098 κρίσιν,
1110 2059 1167 2087 ἀλλ’
1183 2056 1340 2096 ἀπεγθειαν,
1353 2057 1491 2087 καλουντος
1506 2052 1630 2082 δικαστὰς
1645 2052 1766 2091 μυρίους,

999 2104 1133 2135 ἀνευθυνυν
1148 2102 1237 2131 ἑαυτὸν
1249 2104 1314 2130 εἰναι
1336 2100 1470 2139 λεγοντος,
1485 2099 1530 2128 καὶ
1546 2100 1593 2133 τῆς
1613 2098 1766 2136 οἰκουμένης

999 2149 1132 2188 παρούσης
1147 2147 1325 2177 αποδυσασθαι
1340 2146 1386 2179 τὰς
1401 2145 1500 2180 αἰτίας,
1521 2156 1566 2173 και
1580 2143 1660 2177 δεῖξαι
1674 2143 1766 2172 ἑαυτὸν

999 2198 1025 2225 ἒν
1045 2196 1141 2224 ἅπασιν
1157 2195 1238 2222 ἀθωον
1255 2193 1326 2221 ὄντα.
1346 2193 1438 2220 Ταυτα
1459 2192 1504 2218 οὖν
1524 2189 1610 2218 πάντα
1624 2188 1766 2227 λογισάμε-

1000 2254 1053 2277 νοι,
1078 2252 1122 2269 και
1145 2239 1217 2278 παρὰ
1239 2240 1290 2266 τῶν
1314 2237 1410 2276 κυρίων
1429 2247 1479 2273 μου
1498 2237 1549 2263 τῶν
1569 2234 1766 2263 εὖλαὸεστάτων

1001 2288 1117 2326 ἀδελφῶν
1138 2286 1214 2323 ἡμῶν
1239 2295 1290 2312 των
1311 2281 1460 2311 ἐπισκόπων
1483 2280 1640 2319 σαφέστερον
1663 2280 1766 2308 ἅπαντα

1001 2333 1138 2371 μαθόντες,
1150 2330 1197 2365 τὴν
1212 2330 1274 2368 παρ’
1290 2329 1388 2356 ἑαυτῶν
1404 2329 1468 2364 ἡμῖν
1482 2327 1634 2363 εἰσενεγκεῖν
1652 2325 1767 2360 σπουδὴν

1045 2431 1055 2443 ²
1073 2422 1142 2448 Editi
1161 2423 1332 2456 παρακλήθητι,
1351 2424 1400 2442 tres
1418 2418 1474 2442 Mss.
1491 2420 1666 2451 παρακλήθητε,
1683 2421 1763 2446 recte,

1013 2472 1070 2488 nam
1083 2462 1202 2494 plurimos
1214 2458 1358 2490 alloquitur.
1371 2456 1495 2482 Palladius
1512 2459 1649 2491 παρακαλῶ.

1045 2503 1055 2517 *¹
1072 2502 1113 2527 Sic
1123 2508 1209 2526 omnes
1220 2499 1278 2524 Mss.
1291 2503 1358 2522 recte
1368 2509 1372 2522 :
1386 2495 1453 2521 Editi
1467 2501 1507 2525 τὴν
1518 2500 1598 2521 οἰκείαν
1607 2497 1676 2529 φύσιν,
