1840 2839
487 160 573 190 QL'OD
601 159 694 182 NEMO
722 159 739 180 L
749 156 845 180 zint'rt*

70 224 99 254 τὸ
120 224 178 258 τοὺς
200 222 305 263 ἐχθροὺς
326 222 396 261 ἔχειν
419 222 560 258 δεσπότας,
584 222 629 251 καὶ
651 222 681 250 τὸ
702 222 736 252 εἷς
758 219 837 252 αὑτὰς

69 270 219 300 ἐκδεδόσθαι
239 269 285 302 τὰς
305 273 395 307 χεῖρας
417 268 463 300 τὰς
482 268 634 306 βασιλικὰς,
656 267 699 295 καὶ
723 269 774 295 τῶν
800 267 836 294 οἶ-

69 317 144 345 κείων
161 316 284 345 ἁπάντων
301 317 314 344 ὁ
325 314 474 353 χωρισμὸς,
496 314 541 342 καὶ
556 314 645 352 ἱερέων
667 313 711 342 καὶ
734 323 838 352 προφη-

69 365 130 397 τῶν,
149 362 192 391 καὶ
211 364 262 390 τῶν
280 361 366 389 ἄλλων
384 362 436 388 τῶν
452 359 667 398 ἐπιμελουμένιινι
687 360 771 387 αὐτῶν
793 358 838 385 ἀλ-

70 407 220 447 λοτρίωσις,
236 406 280 435 καὶ
295 405 412 434 σπονδῶν
431 404 476 433 καὶ
494 407 587 434 θυσιῶν
604 404 696 444 ἀργία,
719 403 762 431 καὶ
777 405 838 431 ναοῦ

69 453 114 482 καὶ
127 453 240 492 ψαλμῶν
259 451 408 490 ἀφαίρεσις,
424 450 468 479 καὶ
485 450 557 480 οὐδὲν
572 450 669 479 τούτων
684 449 774 481 αὐτοὺς
789 461 839 477 πα-

71 499 198 538 ρέὸλαψεν
211 509 216 515 ·
241 497 308 526 ἀλλὰ
331 497 390 525 τότε
409 497 531 534 μειζόνως
555 496 741 535 εὐδοκίμησαν,
762 495 778 529 ἢ
798 494 840 523 ὅτε

69 544 167 574 τούτων
182 543 315 579 ἀπήλαυον
333 543 375 572 ἐπὶ
392 544 439 577 τῆς
454 541 577 581 πατρίδος
591 544 638 577 τῆς
657 544 766 570 ἑαυτῶν.
789 539 840 569 Καὶ

69 592 173 630 πρῶτον
192 585 268 618 ἆθλον
289 589 427 621 ἀνύσαντες
448 591 547 624 τοῦτον,
566 588 610 616 καὶ
630 587 750 626 λαμπρὸν
774 589 839 615 ἀνα-

71 636 213 674 δησάμενοι
224 635 266 664 τὸν
283 634 419 673 στέφανον,
437 634 482 662 καὶ
500 634 543 663 τὸν
555 634 633 672 νόμον
652 633 696 661 καὶ
716 633 741 660 ἐν
763 632 839 661 ἀλλο-

69 681 130 722 τρίᾳ
144 681 318 721 τηρήσαντες,
334 680 379 709 καὶ
398 680 532 718 ἐπίταγμα
549 678 782 713 καταπατήσαντες
797 689 840 705 τυ-

71 727 199 766 ραννικὸν,
220 726 264 755 καὶ
283 726 361 765 φόὸον
379 725 533 760 νικήσαντες
550 727 595 754 τοῦ
614 723 772 762 ἀλάστορος,
796 722 840 750 καὶ

70 774 151 812 μηδὲν
167 772 318 811 μηδαμόθεν
330 770 558 810 παραὸλαῧέντες,
573 770 663 809 ὥσπερ
678 769 743 798 οἴκοι
757 768 839 804 καθή-

70 831 158 857 μενοι,
181 818 227 847 καὶ
249 818 354 847 πάντων
377 816 482 846 ἐκείνων
505 816 694 849 ἀπολαύοντες,
717 814 784 843 οὕτω
811 814 840 843 τὸ

69 866 143 905 ἔργον
163 864 229 902 μετὰ
251 863 338 895 ἀδείας
363 862 517 897 ἀνύσαντες,
533 864 572 901 ἐφ’
588 861 665 900 ἔτερα
678 861 757 890 πάλιν
779 862 840 889 ἐκα-

68 911 159 940 λοῦντο
180 909 336 947 σκάμματα.
359 908 413 937 Καὶ
435 908 514 937 πάλιν
538 904 606 943 ἦσαν
633 909 656 936 οἱ
681 907 767 936 αὐτοί·
796 907 841 935 καὶ

69 956 140 996 ἀγὼν
164 959 209 984 τοῦ
230 955 358 995 προτέρου
377 953 563 993 χαλεπώτερος
583 955 669 986 αὐτοῖς
693 953 840 987 ἐπετίῦετο,

69 1002 114 1031 καὶ
133 1002 242 1040 κάμινος
263 1002 410 1037 ἀνήπτετο,
429 1000 472 1029 καὶ
496 1000 656 1040 βαρῧαρικὸν
671 1000 735 1039 πρὸς
749 999 841 1032 αὐτοὺς

69 1048 244 1088 στρατόπεδον
260 1047 327 1086 μετὰ
342 1050 387 1076 τοῦ
404 1046 532 1085 βασιλέως
553 1046 730 1085 παρετάττετο
743 1058 749 1064 ·
765 1046 810 1074 καὶ
822 1048 838 1081 ἡ

69 1093 188 1132 Περσικὴ
213 1099 287 1122 πᾶσα
312 1093 420 1130 δύναμις
446 1094 570 1127 ἐκινεῖτο,
596 1091 638 1120 καὶ
666 1091 752 1120 πάντα
776 1092 840 1131 πρὸς

70 1140 174 1175 ἀπάτην
190 1141 274 1168 αὑτῶν
290 1139 477 1174 ἐπετηδεύετο,
495 1138 541 1167 καὶ
561 1138 634 1177 βίαν·
651 1139 696 1167 καὶ
714 1142 840 1176 μουσικῆς

70 1184 125 1220 εἴδη
150 1185 276 1224 διάφορα,
301 1184 346 1213 καὶ
370 1185 502 1213 κολάσεων
528 1184 642 1213 ποικίλοι
668 1185 772 1224 τρόποι,
795 1184 840 1213 καὶ

69 1230 190 1266 ἀπειλαὶ,
209 1231 254 1259 καὶ
271 1231 329 1270 ὄψις
343 1230 469 1259 πάντοθεν
488 1226 519 1265 ἦν
540 1231 652 1269 φοὸερὰ,
669 1230 714 1259 καὶ
733 1231 840 1270 ῥήματα

69 1276 152 1315 ὄψεως
177 1276 360 1316 φοέερώτερα·
387 1277 443 1304 ἀλλ’
468 1276 539 1314 ὅμως
563 1275 652 1311 ἐπειδὴ
677 1276 782 1309 ἑαυτοὺς
811 1278 839 1305 οὖ

70 1322 233 1360 προέδωκαν,
252 1321 319 1350 ἀλλὰ
334 1321 366 1350 τὰ
383 1322 445 1360 παρ’
460 1323 559 1350 ἑαυτῶν
575 1322 660 1350 πάντα
676 1322 840 1360 εἰσήνεγκαν,

72 1367 144 1396 οὐδὲν
167 1367 290 1396 οὐδέποτε
307 1366 526 1406 παρεὸλάὸησαν·
548 1367 616 1396 ἀλλὰ
631 1367 675 1395 καὶ
692 1367 841 1406 λαμπροτέ-

72 1424 130 1452 ρους
160 1415 212 1441 τῶν
241 1412 374 1452 προτέρων
404 1412 563 1447 ἀνεδήσαντο
595 1411 654 1444 τοὺς
688 1413 839 1451 στεφάνους.

69 1458 171 1494 Ἔδησε
184 1457 231 1496 μὲν
243 1458 294 1497 γὰρ
314 1457 405 1490 αὐτοὺς
421 1460 434 1486 ὁ
449 1457 695 1498 Ναῧουχοδονόσορ,
717 1458 762 1486 καὶ
784 1457 840 1487 ἐνέ-

70 1503 149 1532 6αλεν
173 1505 208 1536 εἷς
230 1503 277 1539 τὴν
304 1504 425 1541 κάμινον,
445 1504 474 1532 οὗ
496 1503 543 1542 μὲν
567 1503 746 1542 παρέὸλαψεν,
773 1503 840 1532 ἀλλὰ

70 1550 115 1578 καὶ
136 1549 259 1588 μειζόνως
276 1549 411 1588 ὠφέλησε,
433 1549 478 1578 καὶ
499 1549 673 1588 ἐνδοξοτέρους
692 1549 841 1590 εἰργάσατο.

70 1595 123 1624 Καὶ
140 1595 197 1624 οὔτε
218 1596 277 1624 ναὸν
298 1595 395 1631 (πάλιν
410 1595 461 1634 γὰρ
474 1595 507 1624 τὰ
523 1595 590 1624 αὐτὰ
604 1597 687 1635 ἐρῶ),
710 1595 769 1624 οὔτε
792 1598 840 1624 Ου-

69 1640 232 1680 σιαστήριον,
252 1642 280 1670 οὐ
305 1640 435 1679 πατρίδα,
461 1643 509 1680 οὐχ
533 1641 631 1681 ἱερέας,
655 1642 683 1670 οὗ
706 1642 842 1682 προφήτας

69 1687 191 1726 ἔχοντες,
212 1687 238 1715 ἐν
262 1686 387 1726 ἀλλοτρίᾳ
406 1686 451 1714 καὶ
467 1686 594 1726 βαρὸάρῳ
615 1686 707 1727 χώρα,
728 1689 754 1716 ἐν
775 1689 840 1726 αὐτῇ

70 1731 117 1769 μὲν
137 1727 180 1760 οῧν
203 1732 270 1770 μέσῃ
287 1734 319 1770 τῇ
339 1731 461 1771 καμίνῳ,
480 1731 577 1769 μεταξὺ
597 1735 642 1760 τοῦ
665 1733 841 1773 στρατοπέδου

69 1777 165 1810 παντὸς
176 1777 290 1813 ἐκείνου,
306 1779 384 1806 αὐτοῦ
401 1780 446 1806 τοῦ
463 1777 591 1815 βασιλέως
604 1781 650 1807 τοῖ
659 1781 743 1807 ταῦτα
761 1780 840 1818 ε’ργα-

70 1822 177 1860 ζομένου
193 1825 362 1862 θεωροῦντες,
375 1822 497 1863 λαμπρὸν
516 1823 692 1858 ἀνεστήσαντο
706 1824 839 1863 τρόπαιον,

70 1868 115 1898 καὶ
124 1871 254 1908 περιφανῆ
263 1868 337 1904 νίκην
347 1868 454 1907 ἤραντο,
462 1867 509 1903 τὴν
521 1869 673 1907 θαυμαστὴν
682 1870 783 1905 ἐκείνην
794 1871 839 1900 καὶ

70 1914 215 1953 παράδοξον
230 1915 339 1954 ᾄσαντες
354 1914 434 1954 ᾠδὴν,
449 1914 497 1949 τὴν
516 1914 560 1943 καὶ
581 1915 660 1955 μέχρι
682 1919 726 1945 τοῦ
749 1920 792 1946 ν’ῠν
813 1917 839 1950 ἐξ

70 1959 168 1988 ἐκείνου
181 1963 316 1999 πανταχοῦ
326 1962 372 1995 τῆς
384 1959 538 1998 οἰκουμένης
549 1960 688 1999 ᾀδομένην,
701 1961 745 1990 καὶ
758 1964 840 2001 ᾀσθη-

70 2005 182 2043 σομένην
197 2005 224 2034 δὲ
236 2005 281 2034 καὶ
295 2006 331 2038 εἷς
342 2005 388 2037 τὰς
403 2005 470 2043 μετὰ
483 2008 567 2033 ταῦτα
577 2005 674 2044 γενεάς.
691 2006 783 2039 Οὕτως
795 2003 838 2035 οὖν

70 2050 131 2079 ὅταν
143 2050 234 2089 μηδεὶς
245 2050 334 2079 ἑαυτὸν
347 2051 435 2089 ἀδικῇ,
446 2051 518 2079 οὐδὲν
530 2053 592 2089 παρ’
607 2050 695 2090 ἑτέρου
709 2051 840 2089 βλαέἦναι

69 2096 217 2131 δυνήσεται·
228 2097 257 2124 οὖ
269 2095 319 2135 γὰρ
329 2095 465 2133 παύσομαι
479 2098 592 2135 συνεχῶς
604 2099 680 2124 τοῦτο
694 2097 795 2135 ἐπᾴδων
810 2097 839 2126 τὸ

71 2144 151 2180 ῥῆμα.
172 2142 203 2170 Εἴ
214 2141 265 2181 γὰρ
277 2141 458 2180 αἰχμαλωσία,
474 2142 518 2170 καὶ
529 2142 642 2177 δουλεία,
655 2142 700 2170 καὶ
716 2143 838 2180 μόνωσις,

70 2187 115 2216 καὶ
127 2187 252 2227 πατρίδος
266 2187 384 2223 ἀποὸολὴ
400 2187 444 2216 καὶ
461 2190 512 2216 τῶν
533 2188 634 2216 οἰκείων
649 2187 780 2224 ἁπάντων,
796 2189 840 2217 καὶ

68 2234 192 2269 Θάνατος,
205 2234 250 2262 καὶ
266 2234 440 2272 ἐμπρησμὸς,
457 2233 501 2262 καὶ
517 2234 692 2272 στρατόπεδον
707 2237 839 2270 τοσοῦτον,

70 2279 115 2308 καὶ
132 2279 255 2318 τύραννος
271 2278 351 2311 οὕτως
370 2279 455 2316 ὠμὸς,
471 2280 518 2308 οὐκ
536 2278 648 2318 ἴσχυσαν
666 2281 761 2312 παῖδας
773 2285 842 2319 τρεῖς

69 2325 139 2358 νέους
149 2345 156 2359 ,
168 2324 351 2364 αἰχμαλώτους
363 2347 371 2360 ,
387 2324 491 2357 δούλους
500 2346 508 2360 ,
525 2324 609 2357 ξένους
620 2345 627 2358 ,
646 2327 687 2354 ἐπ’
701 2325 839 2365 ἀλλοτρίας

69 2370 146 2403 ὄντας
160 2370 327 2408 λυμήνασθαί
346 2381 371 2398 τι
388 2370 423 2402 εἷς
442 2370 489 2405 τὴν
511 2370 608 2399 οἰκείαν
624 2372 710 2399 αὐτῶν
732 2370 838 2410 ἀρετὴν,

70 2416 139 2445 ἀλλὰ
155 2416 199 2445 καὶ
214 2416 328 2454 μείζονος
341 2418 427 2449 αὐτοῖς
438 2416 587 2455 παρρησίας
600 2419 688 2456 γέγονε
711 2418 841 2457 πρόφασις

69 2463 86 2496 ἡ
102 2462 242 2497 ε’πιὸουλή’
262 2462 288 2490 τί
304 2462 347 2490 τὸν
363 2462 477 2501 νήφοντα
494 2463 670 2501 παραὸλάψαι
685 2463 838 2499 δυνήσεται;

70 2508 128 2535 Οὐκ
142 2506 211 2535 ἔστιν
226 2507 306 2542 οὐδὲν,
323 2507 371 2536 κᾶν
385 2512 472 2536 πᾶσαν
491 2507 541 2542 τὴν
556 2509 715 2545 οἰκουμένην
729 2508 776 2548 ἔχῃ
790 2521 841 2538 πο-

70 2553 200 2590 λεμοῦσαν
224 2554 303 2592 αὐτῷ.
326 2553 500 2586 Ἀλλ’ὁΘεὸς
522 2553 596 2591 τότε,
620 2555 701 2593 φησὶ,
722 2555 839 2594 ποιρείῖτη-Ι

853 157 867 177 ιι
898 156 960 178 ,κιει
996 157 1007 177 ι
1036 157 1162 179 snwso.
1540 145 1600 179 55«

894 217 919 246 in
937 217 1024 246 medio
1039 218 1215 247 barbarorum
1230 224 1326 254 essem,
1352 228 1403 246 non
1425 217 1496 256 quod
1522 218 1608 247 hostes

893 263 1019 292 haberent
1032 263 1166 300 dominos,
1182 274 1232 292 non
1247 263 1320 301 quod
1337 263 1362 291 iu
1374 263 1458 302 ipsius
1473 264 1541 301 regis
1555 275 1607 292 uia-

894 320 943 338 nus
963 317 1048 338 essent
1068 310 1168 346 traditi,
1186 321 1270 348 neque
1290 317 1463 346 cognatorum
1487 311 1606 337 ouuu'uiu

894 356 1033 394 separatim),
1051 366 1134 393 neque
1151 356 1317 384 sacerdotum
1329 361 1353 382 et
1369 354 1569 393 prophetarunu
1583 361 1606 382 et

894 401 1017 437 aliorum,
1026 402 1072 439 qui
1087 412 1178 430 curam
1191 401 1310 440 ipsorum
1323 400 1459 438 gerebant,
1471 401 1607 432 alienatio,

893 457 940 475 nee
960 447 1118 476 libationum
1137 454 1161 476 et
1178 446 1371 475 sacrificiorum
1387 446 1507 479 cessatio,
1524 456 1609 484 neque

894 492 984 531 templi
998 500 1022 521 et
1035 493 1199 532 psalmorum
1213 492 1337 527 adcnuio,
1354 502 1438 529 neque
1458 491 1606 529 quidquiuu

895 537 990 565 borum
1007 538 1043 566 eis
1060 538 1162 574 uocuit5
1176 537 1219 566 scd
1235 545 1290 566 tum
1303 537 1328 565 in
1342 537 1436 576 majori
1455 537 1539 575 gloria
1553 538 1608 565 suc-

894 590 964 619 ruut‚
979 595 1060 621 quarn
1076 595 1137 613 cum
1153 584 1184 612 iis
1198 584 1277 612 rebus
1290 583 1316 612 in
1334 583 1418 622 patria
1434 594 1479 611 sua
1491 584 1609 611 frueren-

894 636 946 658 tur.
961 630 1015 659 lloc
1036 630 1124 669 priiuo
1139 630 1280 659 certamine
1303 630 1427 669 perfecto,
1446 629 1544 667 insigni
1562 640 1607 657 co-

893 686 957 703 rona
984 675 1113 712 redimiti,
1141 676 1198 713 lege
1221 675 1247 704 in
1266 675 1352 704 aliena
1373 686 1479 714 quoque
1503 676 1609 713 regione

859 729 876 751 C
893 729 1005 757 servata,
1020 722 1173 749 conculcato
1190 722 1297 761 tyranni
1314 722 1447 757 mandato,
1465 721 1534 750 victo
1554 721 1608 749 dw-

893 767 978 796 monis
996 775 1104 803 terrore,
1119 778 1203 805 neque
1222 768 1278 796 ullo
1301 768 1354 796 ulla
1368 778 1399 796 ex
1415 774 1489 807 parte
1511 767 1610 796 damno

892 813 988 849 affecti,
1012 813 1087 851 quasi
1111 813 1185 841 domi
1207 813 1336 847 sederent,
1361 820 1386 842 et
1409 813 1534 841 omnibus
1556 813 1610 841 illis

894 862 1055 898 fruerentur,
1080 871 1159 900 opere
1182 861 1217 889 ita
1239 861 1322 889 libere
1345 861 1467 900 perfecto,
1488 860 1521 889 ad
1544 861 1610 889 alios

894 918 985 935 rursus
1000 916 1097 945 agones
1113 913 1173 935 sunt
1188 907 1286 935 vocati.
1307 908 1404 935 lterum
1419 914 1493 934 eraut
1510 906 1608 943 iidem3

894 959 917 981 ct
929 960 1060 981 certamen
1072 952 1158 991 priore
1170 952 1310 981 dislicilius
1324 953 1388 992 ipsis
1401 952 1610 991 proponebatur,

893 998 1014 1027 caminus
1026 998 1228 1034 incendebatur,
1239 998 1396 1028 barbaricus
1411 998 1555 1026 adversum
1567 1008 1610 1026 cos

893 1044 1025 1073 exercitus
1041 1055 1101 1073 cum
1123 1055 1184 1083 rege
1205 1044 1387 1073 instruebatur
1402 1044 1475 1072 velut
1493 1044 1519 1072 in
1535 1044 1590 1072 acie
1604 1055 1609 1070 ε

894 1097 947 1118 tota
963 1090 1068 1119 Persica
1077 1090 1195 1134 potentia
1208 1090 1381 1126 incitabatur,
1392 1089 1480 1118 omnia
1491 1089 1525 1117 ad
1538 1090 1610 1117 frau-

893 1135 955 1165 dem
970 1147 1000 1164 ac
1014 1136 1070 1165 vim
1095 1136 1159 1175 ipsis
1183 1136 1344 1164 asserendam
1367 1135 1608 1174 coniparabantlu·;

894 1182 1000 1211 diversa
1015 1181 1170 1214 cantionum
1185 1192 1292 1220 genera,
1313 1181 1395 1210 varim
1416 1181 1611 1220 suppliciorum

895 1229 995 1263 formae,
1012 1228 1101 1263 minze,
1117 1234 1237 1267 aspectus
1248 1227 1319 1255 omni
1332 1238 1365 1255 ex
1381 1234 1457 1266 parte
1470 1227 1610 1263 terribilis,

860 1285 878 1307 ι)
896 1281 920 1302 et
931 1275 1012 1302 verba
1022 1280 1129 1312 aspectu
1141 1273 1305 1302 terribiliora
1315 1285 1320 1300 τ
1329 1273 1373 1301 sed
1386 1279 1472 1301 tamen
1486 1273 1611 1310 quoniam

895 1320 1028 1359 semetipsi
1053 1331 1104 1348 non
1127 1319 1320 1358 prodiderunt,
1336 1318 1384 1347 sed
1407 1329 1513 1347 onmem
1536 1329 1612 1347 suain

895 1377 1004 1406 operam
1015 1366 1194 1401 contulerunt,
1210 1365 1277 1393 nihil
1292 1375 1417 1402 umquam
1432 1364 1523 1392 damni
1538 1375 1612 1392 acce-

896 1418 992 1451 perunt
1005 1423 1010 1438 :
1025 1411 1089 1449 quin
1106 1411 1186 1439 etiam
1203 1410 1315 1445 coronis,
1332 1420 1412 1448 quam
1433 1410 1535 1448 priores
1553 1410 1612 1437 sue—

896 1465 967 1494 rant,
994 1457 1188 1486 illustrioribus
1206 1456 1325 1485 redimiti
1341 1462 1412 1484 sunt.
1431 1455 1527 1484 vinxit
1541 1456 1613 1484 enim

896 1514 939 1532 eos
957 1502 1215 1539 Nabuchodonosor,
1238 1509 1263 1530 et
1282 1501 1309 1529 in
1331 1501 1466 1529 caminum
1487 1502 1609 1540 conjecit,

896 1561 948 1578 non
967 1556 1054 1577 tamen
1069 1548 1176 1585 damno,
1192 1548 1256 1586 quin
1272 1547 1361 1587 potius
1375 1547 1456 1575 etiam
1471 1547 1612 1576 commodo

895 1595 994 1630 affecit,
1007 1602 1031 1623 et
1042 1594 1201 1623 illustriores
1213 1593 1343 1622 reddidit.
1357 1594 1479 1631 Cumque
1487 1603 1535 1621 nec
1547 1599 1613 1621 tem-

896 1641 972 1680 plum
987 1642 1101 1677 (iterum
1109 1640 1181 1668 enim
1192 1639 1286 1668 eadem
1296 1639 1414 1676 dicam),
1427 1649 1512 1676 neque
1519 1639 1612 1674 altare,

895 1697 948 1715 non
959 1686 1085 1725 patriam,
1099 1696 1151 1714 non
1167 1684 1324 1721 sacerdotes,
1337 1694 1389 1713 non
1409 1684 1555 1724 propbetas
1566 1684 1613 1712 ha-

894 1732 998 1767 berent,
1016 1732 1043 1760 in
1064 1731 1150 1760 aliena
1166 1738 1191 1760 et
1212 1731 1327 1759 barbara
1343 1730 1459 1769 regione,
1474 1730 1500 1758 in
1524 1730 1612 1759 medio

895 1777 1004 1816 camini,
1025 1777 1158 1815 totiusque
1177 1777 1251 1806 illius
1266 1776 1410 1813 exercitus,
1432 1786 1494 1814 rege
1514 1776 1612 1804 harum

860 1833 878 1855 E
894 1834 983 1851 rerum
997 1830 1105 1851 auctore
1116 1829 1263 1862 spectante,
1278 1822 1450 1861 splendidum
1464 1828 1612 1850 statuerunt

894 1876 1025 1908 tropaeum
1052 1875 1077 1897 et
1103 1869 1236 1907 insignem
1261 1874 1431 1906 reportarunt
1456 1867 1609 1903 victoriam,

893 1914 1049 1943 admirabili
1071 1914 1117 1943 illa
1131 1921 1156 1942 et
1172 1914 1308 1952 inopinata
1322 1913 1443 1940 cantione
1458 1912 1610 1947 decantata,

893 1971 952 1998 quae
961 1971 994 1988 ex
1006 1960 1052 1988 illo
1065 1960 1214 1988 etiamnum
1223 1958 1324 1996 ubique
1336 1964 1469 1985 terrarum
1481 1964 1611 1993 cantatur,

894 2012 919 2034 et
935 2005 1086 2033 cantabitur
1101 2005 1183 2032 etiam
1198 2004 1225 2032 in
1240 2010 1344 2042 postera
1363 2003 1472 2032 saecula.
1489 2003 1534 2032 Sic
1548 2014 1611 2042 ergo

894 2051 915 2079 si
929 2061 1005 2079 nemo
1016 2051 1133 2089 seipsum
1146 2049 1234 2083 laedat,
1248 2049 1282 2077 ab
1294 2049 1347 2077 alio
1357 2049 1420 2077 laedi
1433 2060 1484 2077 non
1497 2050 1609 2088 poterit:

893 2107 945 2124 non
959 2096 1029 2124 enim
1043 2096 1151 2124 cessabo
1162 2096 1212 2123 hoc
1221 2095 1324 2123 dictum
1336 2096 1501 2123 continenter
1512 2094 1610 2123 decan-

894 2149 957 2170 tare.
971 2143 1039 2170 Nam
1047 2141 1068 2170 si
1078 2141 1231 2181 captivitas,
1244 2141 1369 2177 servitus,
1381 2141 1507 2176 solitudo,
1516 2141 1610 2180 patriae

850 2209 885 2229 463
893 2187 1012 2224 amissio,
1023 2194 1048 2215 et
1057 2187 1178 2215 omnium
1193 2194 1379 2225 cognatorum,
1392 2197 1472 2223 mors,
1488 2187 1609 2216 incendi-

858 2237 877 2259 Α
894 2244 949 2269 um,
960 2240 1048 2261 tantus
1057 2232 1199 2269 exercitus,
1212 2240 1342 2272 tyrannus
1354 2239 1408 2260 tam
1420 2233 1546 2269 crudelis,
1557 2244 1609 2261 non

893 2280 1036 2308 valuerunt
1047 2279 1134 2308 tribus
1145 2279 1247 2318 pueris,
1255 2279 1412 2317 juvenibus,
1422 2279 1544 2318 captivi-5,
1556 2290 1610 2307 ser-

892 2326 946 2363 vis,
972 2325 1132 2365 peregrinis,
1153 2327 1180 2353 in
1201 2325 1287 2353 aliena
1308 2325 1415 2363 regione
1438 2325 1610 2354 versantibus

893 2371 1042 2410 quidquam
1053 2382 1148 2400 nocere
1156 2371 1245 2410 quoad
1256 2382 1333 2399 suam
1343 2371 1482 2407 virtutem,
1493 2371 1539 2400 sed
1554 2382 1609 2399 ma-

890 2418 958 2457 joris
977 2418 1058 2446 etiam
1078 2417 1205 2456 loquendi
1225 2417 1358 2445 libertatis
1375 2417 1477 2445 occasio
1501 2418 1608 2446 suerunt

892 2464 944 2492 illae
959 2463 1080 2492 insidiae:
1096 2463 1162 2501 quid
1176 2463 1297 2491 sobrium
1309 2463 1406 2491 laedere
1416 2463 1533 2502 poterit?
1549 2464 1607 2491 Nun

893 2517 930 2538 est
945 2509 1106 2548 quidquam,
1127 2509 1175 2537 etsi
1201 2516 1287 2537 totum
1308 2508 1400 2537 orbem
1423 2508 1606 2536 adversarium

894 2556 1014 2585 haberet.
1030 2557 1063 2584 At
1074 2556 1144 2585 Deus
1156 2555 1330 2593 111n1‚inquit,
1343 2554 1380 2582 eis
1391 2553 1502 2591 adstitit,
1511 2564 1606 2591 eosque
