1828 2815
120 1762 215 1782 Prover-

74 1794 144 1817 hinni,
158 1792 214 1813 Gut-

77 1829 94 1843 1.ι
108 1829 168 1845 cavat
183 1824 216 1844 la-

77 1855 159 1882 pidem.

236 185 299 219 190
558 184 586 206 S.
615 183 753 206 JOANMS
780 181 960 204 CHRYSOST.
992 182 1147 205 ARCIHEP.
1176 182 1443 205 CONSTANTINOP-

230 246 367 284 negotium
376 252 423 274 est.
438 246 509 274 Deus
523 256 584 274 vero
593 255 645 273 non
658 245 705 279 ita,
721 243 766 272 sed
777 243 940 271 committere

225 292 304 330 jubet
317 298 431 326 tantum,
445 298 472 320 at
484 302 535 320 non
548 291 611 319 item
627 289 778 329 repetitioni
796 299 842 317 nos
853 287 941 316 reddit

227 338 367 367 obnoxios.
383 338 490 377 Quippe
515 338 541 366 in
564 343 693 376 potestate
713 335 826 363 oratoris
847 342 896 371 est,
911 342 941 363 ut

229 384 357 419 consulat,
383 394 436 412 non
465 391 493 412 ut
519 381 687 422 persuadeat.
715 382 884 419 Quapropter
906 380 940 409 ad

229 429 448 458 committendum
463 429 549 458 solum
559 436 584 457 te
597 428 698 466 obligO,
712 438 764 455 non
778 427 841 455 item
853 426 888 455 ad
900 437 940 455 re—

229 475 385 514 petendum.
397 474 469 510 Quid
485 475 535 502 hoc
545 474 632 503 levius
644 473 700 502 est?
712 474 833 501 Attamen
842 472 941 501 durum

229 521 382 560 appellabat
402 528 456 549 tam
472 520 563 549 mitem
586 531 615 548 ac
640 519 787 558 benignum
802 518 941 547 dominum

229 577 330 596 servus.
346 567 385 596 Ea
402 567 501 606 quippe
516 566 700 606 improborum
714 572 739 594 et
762 565 889 594 inertium
903 572 942 594 est

229 612 392 641 consuetudo
405 623 545 641 servorum
559 624 565 639 :
582 618 749 651 peccatorum
763 611 941 639 suorumcul-

231 669 292 696 pam
309 669 413 697 semper
427 658 453 686 in
469 658 591 687 dominos
607 668 669 686 suos
690 657 823 695 rejiciunt.
838 656 941 686 Idcirco

230 704 362 732 cruciatus
374 710 398 731 et
413 703 586 742 compedibus
600 703 706 731 vinctus
722 702 768 731 ille
782 702 808 731 in
821 703 942 731 tenebras

229 749 372 777 exteriores
383 749 546 788 ejiciebatur.
560 748 640 784 Quod
652 759 683 777 ne
697 748 773 777 nobis
783 748 863 777 etiam
871 749 940 777 acci-

227 794 285 830 dat,
294 795 443 823 doctrinam
452 794 581 822 fratribus
593 794 799 831 committamus,
815 794 872 823 sive
882 805 938 834 per—

227 840 388 869 suadeantur
401 863 408 877 ,
435 840 491 869 sive
519 851 572 869 non
594 840 812 879 persuadeantur.
829 840 856 869 Si
870 840 940 868 enim

227 887 344 925 persuasi
370 886 480 924 suerint,
501 886 570 915 etde
581 887 674 926 seipsis
690 893 714 915 et
728 886 762 915 de
782 886 859 915 nobis
875 886 941 915 bene

227 932 415 961 merebuntur:
428 932 449 960 si
458 943 508 961 non
518 932 617 961 fuerint
626 933 744 972 persuasi
756 955 764 967 ,
776 932 940 972 supplicium

227 978 278 1006 sihi
292 985 424 1006 accersent
445 978 615 1015 inevitabile,
632 978 708 1006 nobis
729 985 818 1006 autem
833 989 865 1006 ne
882 985 939 1007 tan-

228 1023 316 1052 tillum
328 1024 437 1061 quidem
454 1035 547 1052 nocere
561 1030 694 1063 poterunt.
711 1023 791 1059 Quod
804 1024 874 1052 enim
887 1035 937 1052 no-

227 1069 273 1097 stri
287 1070 404 1098 muneris
414 1069 730 1108 fuit,praestitimus‚cum
745 1069 884 1097 consilium
892 1069 939 1098 de-

225 1115 345 1143 derimus
361 1127 366 1142 :
383 1115 454 1153 quod
476 1115 497 1143 si
520 1114 637 1153 persuasi
661 1126 712 1143 non
734 1114 844 1151 fuerint,
870 1115 939 1143 nihil

224 1161 286 1189 inde
297 1172 438 1200 possumus
450 1171 542 1199 capere
554 1160 715 1188 detrimenti.
728 1160 869 1198 Siquidem
884 1161 937 1189 cri-

224 1218 282 1235 men
309 1214 356 1242 est,
383 1217 434 1234 non
456 1206 477 1234 si
502 1206 612 1234 minime
635 1206 796 1245 persuaseris
806 1229 813 1242 ‚
840 1206 886 1235 sed
914 1207 937 1235 si

222 1253 331 1281 minime
359 1252 503 1280 consilium
532 1251 636 1280 dederis
653 1264 658 1279 :
675 1252 721 1280 ubi
750 1263 814 1281 vero
837 1253 937 1281 cohor-

222 1299 330 1334 tatione,
349 1298 513 1336 consilioque
535 1298 662 1326 continuo
680 1298 864 1336 frequentique
878 1309 938 1337 per-

221 1345 306 1372 functi
325 1344 471 1379 suci-imus,
484 1354 535 1372 non
547 1344 605 1381 jam
627 1354 641 1371 a
661 1343 746 1379 nobis,
769 1343 815 1371 sed
832 1345 866 1372 ab
883 1344 938 1373 illis

223 1389 351 1417 rationem
380 1390 451 1417 Deus
475 1389 572 1426 exiget.
599 1389 705 1418 Vellem
729 1389 855 1427 equidem
880 1389 938 1418 evi-

224 1435 318 1463 denter
339 1445 414 1463 nosse
428 1444 475 1463 vos
501 1434 561 1463 illos
583 1433 688 1462 assidue
703 1434 865 1463 cohortando
880 1446 938 1474 per-

223 1491 354 1515 severare,
366 1487 391 1508 et
400 1490 464 1508 num
476 1479 501 1507 in
513 1479 604 1507 eadem
613 1490 716 1519 semper
727 1480 765 1508 illi
776 1480 936 1519 negligentia

225 1526 427 1564 persistant,nec
439 1535 564 1563 umquam
576 1525 654 1553 vobis
669 1526 817 1554 molestiam
827 1526 937 1555 exhibe-

224 1583 280 1600 rem
291 1583 297 1599 z
307 1573 364 1609 jam
380 1582 442 1599 vero
455 1571 536 1599 timeo
556 1582 588 1599 ne
602 1571 702 1599 inertiae
716 1571 879 1610 incuriaeque
893 1583 938 1601 ve-

223 1624 283 1645 stra:
298 1617 364 1645 vitio
385 1624 507 1645 maneant
522 1617 673 1645 incorrecti.
691 1618 783 1655 Neque
796 1618 867 1646 enim
881 1618 938 1646 fieri

223 1669 321 1701 potest,
347 1669 376 1690 ut
407 1662 455 1700 qui
488 1662 669 1691 cohortatione
694 1662 866 1702 doctrinaque
887 1664 938 1692 fre-

227 1715 336 1746 quenter
353 1708 474 1743 fruatur,
496 1708 589 1736 melior
600 1707 795 1746 studiosiorque
809 1720 860 1738 non
882 1710 938 1738 fiat.

227 1756 266 1781 Ac
278 1753 390 1791 vulgare
406 1753 514 1791 quidem
529 1760 569 1782 est
582 1752 653 1782 illud
667 1755 855 1793 proverbium,
867 1755 939 1794 quod

228 1799 348 1827 dicturus
372 1809 450 1836 sum;
465 1806 651 1827 verumtamen
676 1799 726 1828 hoc
751 1800 839 1839 ipsum
861 1808 940 1829 testa-

228 1851 279 1872 tur.
293 1845 400 1873 Stillula
419 1844 500 1881 enim,
516 1844 614 1881 inquit,
630 1845 719 1873 mollis
743 1856 818 1883 aquae
843 1857 940 1875 saxum

228 1890 335 1919 assiduo
360 1897 436 1919 cavat
457 1890 521 1918 ictu.
548 1890 667 1918 Tametsi
691 1890 756 1928 quid
782 1902 851 1930 aqua
873 1893 939 1920 niol-

229 1936 300 1964 lius?
314 1935 381 1974 quid
396 1946 460 1964 saxo
480 1935 594 1964 durius?
605 1942 719 1964 attamen
740 1937 882 1966 assiduitas
893 1948 941 1966 na-

229 1988 317 2009 turam
330 1981 423 2010 vineit.
437 1980 516 2015 Quod
524 1981 545 2010 si
558 1988 681 2009 naturam
694 1981 780 2010 vincit
789 1983 940 2019 assiduitas,

230 2027 413 2063 multomagis
431 2027 597 2055 voluntatem
620 2026 717 2065 poterit
735 2038 867 2066 superare.
883 2029 941 2058 Non

229 2071 310 2100 ludus
324 2079 361 2100 cst
376 2072 604 2107 Christianismus,
619 2072 720 2109 dilecti,
735 2083 782 2101 nec
797 2084 838 2102 res
850 2085 941 2113 super-

229 2127 351 2145 vacanea.
365 2118 496 2146 Continue
507 2117 555 2146 ista
570 2117 696 2153 dicimus,
709 2125 733 2146 et
746 2119 814 2147 nihil
829 2120 941 2159 prolici-

230 2173 298 2191 mus*

269 2209 297 2237 Ω.
311 2210 448 2244 Quantum
460 2207 525 2235 mihi
536 2208 646 2237 censetis
656 2208 775 2238 dolorem
786 2210 868 2244 inuri,
880 2221 942 2239 cum

230 2253 353 2281 recordor
360 2253 432 2281 festis
440 2253 548 2290 quidem
559 2253 733 2283 diebusvasta
743 2256 822 2284 maris
834 2267 939 2294 :equora

230 2298 402 2326 collectarum
412 2298 503 2326 turbas
515 2298 624 2335 imitari,
635 2299 693 2337 jam
702 2310 764 2328 vero
775 2311 808 2329 ne
818 2309 940 2340 quotam-

231 2344 271 2372 vis
280 2343 390 2381 quidem
398 2350 498 2382 partem
509 2343 553 2371 hic
562 2343 635 2371 illius
646 2344 827 2374 multitudinis
833 2357 941 2385 congre-

230 2389 284 2426 gari
295 2389 308 2417 ἶ)
320 2389 373 2417 Ubi
385 2399 455 2417 nuuc
469 2395 538 2424 sunt,
547 2388 592 2426 qui
607 2389 683 2417 nobis
697 2389 724 2418 in
736 2390 941 2421 solennitatibus

230 2435 377 2464 molestiam
399 2434 545 2462 exhibent?
566 2434 630 2462 Illos
654 2435 775 2473 requiro,
789 2443 812 2464 et
832 2437 941 2466 illorum

230 2491 307 2509 causa
323 2481 411 2519 lugeo,
423 2479 490 2508 dum
504 2479 572 2508 mihi
584 2480 655 2509 venit
667 2480 693 2508 in
708 2488 830 2518 mentem,
843 2490 940 2520 quanta

228 2533 319 2565 pereat
333 2536 422 2554 corum
444 2524 600 2562 multitudo,
615 2524 661 2563 qui
676 2525 744 2555 salvi
765 2533 847 2563 erant,
859 2538 941 2566 quan-

229 2579 282 2600 tam
293 2571 389 2600 faciam
400 2571 512 2600 fratrum
520 2571 653 2609 jacturam
663 2593 669 2609 ,
680 2581 760 2609 quam
773 2571 904 2612 exiguum
914 2573 939 2602 in

996 243 1065 272 Ἀλλ’
1082 243 1153 282 ὅμως
1164 244 1276 283 σκληρὸν
1291 244 1378 273 ἐκάλει
1393 244 1436 272 τὸν
1449 243 1528 275 οὕτως
1542 243 1639 282 ἥμερον
1659 244 1703 272 καὶ
1717 257 1761 284 φι-

961 298 976 320 ss
995 288 1146 328 λάνθρωπον
1172 290 1299 325 δεσπότην
1323 293 1336 319 ὁ
1362 291 1459 322 δοῦλος.
1483 291 1610 318 Τοιαῦται
1634 290 1684 328 γὰρ
1708 292 1761 318 τῶν

997 335 1155 372 ἀγνωμόνων
1169 335 1213 364 καὶ
1238 335 1358 374 ῥᾳθύμων
1375 337 1481 364 οἰκετῶν
1498 337 1524 363 αἱ
1547 335 1696 370 συνήθειαι·
1710 338 1761 363 τῶν

996 380 1096 409 οἰκείων
1111 381 1310 421 ἁμαρτημάτων
1327 383 1362 413 εἷς
1375 381 1434 413 τοὺς
1453 381 1580 413 δεσπότας
1597 381 1637 408 ἀεὶ
1649 392 1760 418 μετατι-

997 425 1071 454 Θέασι
1084 426 1131 459 τὰς
1146 427 1238 459 αἰτίας.
1261 427 1312 455 Διὰ
1331 429 1408 455 τοῦτο
1430 426 1635 465 στρεόλούμενος
1655 426 1700 455 καὶ
1719 427 1762 455 δε-

997 471 1141 510 σμούμενος
1156 475 1250 504 ἐκεῖνος
1262 473 1297 504 εἷς
1309 473 1338 501 τὸ
1352 472 1442 504 σκότος
1458 472 1564 511 ἐξήγετο
1577 473 1607 501 τὸ
1624 471 1758 511 ἐξώτερον.

996 516 1084 556 αΟπερ
1105 518 1147 546 ἵνα
1173 518 1209 556 μὴ
1231 520 1308 556 ἡμεῖς
1331 518 1467 556 πάθωμεν,
1492 517 1700 556 καταῧάλλωμεν
1714 517 1762 552 τὴν

997 563 1169 592 διδασκαλίαν
1185 564 1228 592 ἐπὶ
1249 563 1308 596 τοὺς
1323 563 1459 602 ἀδελφοὺς,
1474 563 1522 591 κᾶν
1544 563 1699 598 πείῠωνται,
1713 563 1761 592 κᾶν

998 608 1034 646 μὴ
1051 609 1202 638 πείθωνται.
1220 609 1373 647 Πειθόμενοι
1394 608 1440 646 μὲν
1455 608 1521 647 γὰρ,
1537 608 1580 637 καὶ
1599 608 1704 641 ἑαυτοὺς
1718 609 1763 637 καὶ

997 656 1067 691 ἡμᾶς
1093 655 1272 694 ὠφελήσουσι·
1300 654 1336 692 μὴ
1363 653 1512 690 πειθόμενοι
1536 654 1579 689 δὲ,
1595 656 1688 686 -αὐτοὶς
1716 654 1762 692 μὲν

998 701 1178 740 ἀπαραίτητον
1202 702 1365 729 ἐπισπῶνται
1385 700 1502 735 κόλασιν,
1522 703 1593 738 ἡμᾶς
1609 699 1636 728 δὲ
1655 699 1713 728 οὐδὲ
1732 699 1763 727 τὸ

997 746 1076 785 τυχὸν
1101 747 1275 786 amputem-tm
1297 746 1408 775 δύναιντ’
1429 746 1468 775 ἄν.
1494 746 1534 775 Τὸ
1560 746 1612 786 γὰρ
1635 746 1762 785 ἡμέτερον

997 790 1168 828 ἐποιήσαμεν,
1190 790 1443 828 συμὸουλεύσαντες·
1466 791 1487 818 εἰ
1513 790 1539 819 δὲ
1563 789 1599 828 μὴ
1617 789 1762 826 πείθοιντο,

997 836 1070 865 οὐδὲν
1089 840 1153 874 ἡμῖν
1169 839 1197 866 ἐκ
1211 836 1300 866 τούτου
1325 836 1418 876 γένοιτ’
1435 836 1464 864 ἂν
1491 836 1596 875 βλάὸος.
1619 835 1764 874 Ἔγκλημα

997 882 1057 921 γὰρ,
1070 884 1098 911 οὐ
1123 882 1152 911 τὸ
1168 882 1204 920 μὴ
1228 887 1332 918 πεῖσαι,
1347 882 1415 911 ἀλλὰ
1434 883 1464 910 τὸ
1488 882 1524 920 μὴ
1548 882 1761 920 συμδουλεῧσαι·

997 928 1063 965 μετὰ
1089 928 1116 958 δὲ
1141 929 1188 964 τὴν
1211 929 1365 968 παραίνεσιν
1389 928 1434 957 καὶ
1459 928 1507 963 τὴν
1532 928 1692 966 συμὸουλὴν,
1713 928 1760 963 τὴν

996 975 1102 1010 διηνεκῆ
1131 975 1175 1003 καὶ
1199 975 1247 1009 τὴν
1272 977 1384 1013 συνεχῆ,
1404 975 1489 1004 οὐκέτι
1511 975 1574 1012 πρὸς
1591 977 1676 1012 ἡμᾶς,
1693 974 1762 1003 ἀλλὰ

994 1020 1058 1058 πρὸς
1086 1020 1196 1053 ἐκείνους
1220 1020 1294 1048 ἔσται
1314 1023 1327 1049 ὁ
1345 1020 1420 1058 λόγος
1438 1022 1475 1059 τῷ
1500 1022 1571 1059 Θεῷ.
1595 1019 1761 1058 Ἔὸουλόμην

995 1069 1054 1103 γοῦν
1075 1066 1170 1094 εἰδέναι
1189 1068 1292 1104 σαφῶς,
1305 1066 1344 1094 ὃτι
1366 1069 1552 1104 παραινοῦντες
1573 1065 1665 1098 αὐτοὺς
1678 1067 1762 1094 διατε-

995 1111 1076 1145 λεῖτε,
1100 1111 1144 1140 καὶ
1167 1113 1188 1139 εἷ
1207 1111 1348 1143 διαπαντὸς
1371 1112 1491 1149 μένουσιν
1506 1111 1549 1139 ἐπὶ
1569 1113 1615 1146 τ’ῆς
1633 1111 1761 1152 ῥᾳθυμίας

994 1157 1101 1192 ἐκεῖνοι,
1125 1157 1174 1188 καὶ,
1192 1157 1239 1184 οὐκ
1268 1156 1297 1184 ἂν
1326 1159 1387 1194 ὑμῖν
1411 1156 1531 1185 οὐδέποτε
1555 1156 1704 1196 ἠνόχλησα·
1719 1160 1762 1185 ν’ῦν

993 1202 1113 1238 δέδοικα,
1135 1203 1171 1240 μή
1198 1213 1262 1231 ποτε
1282 1203 1311 1231 ἐκ
1340 1204 1387 1237 τῆς
1412 1202 1538 1241 ὑμετέρας
1555 1202 1697 1242 ὑπεροψίας
1717 1203 1762 1231 καὶ

993 1248 1117 1285 ἀμελείας
1142 1248 1253 1286 μένωσιν
1288 1248 1450 1287 ἀδιόρθωτοι.
1474 1248 1526 1276 Καὶ
1549 1248 1600 1287 γὰρ
1623 1247 1760 1287 ἀμήχανον

993 1294 1128 1333 ἄνθρωπον
1150 1295 1264 1332 συνεχῶς
1277 1293 1442 1322 ἀπολαύοντα
1457 1293 1635 1332 παραινέσεως
1656 1293 1700 1322 καὶ
1720 1294 1760 1322 δι·-

993 1338 1148 1374 δασκαλίας,
1166 1338 1202 1376 μὴ
1223 1339 1342 1377 γενέσθαι
1365 1338 1460 1376 βελτίω
1483 1339 1527 1367 καὶ
1547 1338 1757 1378 σπουδαιότερον.

993 1384 1046 1413 Καὶ
1058 1383 1181 1421 δημώδης
1202 1384 1248 1421 μέν
1260 1385 1330 1413 ἐστιν
1342 1386 1358 1418 ἡ
1373 1383 1518 1422 παροιμία,
1531 1384 1562 1419 ἢν
1575 1385 1641 1424 ε’ρεὶν
1660 1384 1762 1422 μέλλω·

992 1430 1062 1466 πλὴν
1079 1431 1136 1459 ἀλλ’
1148 1430 1212 1459 αὐτὸ
1227 1434 1303 1459 τοῦτο
1316 1430 1460 1465 συνίστησι.
1476 1430 1582 1468 Πέτραν
1599 1430 1649 1470 γὰρ
1665 1430 1763 1458 κοιλαί-

993 1488 1043 1512 νει,
1059 1476 1136 1515 φησὶ,
1151 1476 1221 1515 ῥανὶς
1235 1476 1335 1504 ὑδάτων
1361 1477 1541 1514 ἐνδελεχοῧσα.
1556 1475 1649 1504 Καίτοι
1666 1475 1692 1504 τί
1707 1487 1761 1513 μα-

992 1521 1140 1561 λακώτερον
1161 1521 1266 1557 ὕδατος;
1284 1522 1309 1550 τί
1330 1521 1357 1550 δὲ
1372 1521 1470 1561 πέτρας
1491 1521 1678 1559 σκληρότερον;
1694 1520 1762 1550 Ἀλλ’

993 1568 1064 1606 ὅμως
1078 1570 1094 1602 ἡ
1114 1567 1262 1606 ἐνδελέχεια
1282 1567 1329 1602 τὴν
1343 1567 1419 1606 φύσιν
1445 1567 1570 1602 ἐνίκησεν.
1586 1568 1619 1595 Ei
1641 1565 1668 1595 δὲ
1686 1565 1760 1605 φύσιν

994 1612 1140 1652 ἐνδελέχεια
1155 1617 1231 1652 νικᾷ,
1247 1614 1336 1652 πολλῷ
1361 1614 1459 1650 μᾶλλον
1474 1612 1652 1652 προαιρέσεως
1662 1611 1761 1640 δύναιτ’

996 1658 1025 1686 ἂν
1038 1658 1229 1698 περιγενέσθαι.
1243 1660 1300 1687 Οὐκ
1314 1659 1369 1687 ἔστι
1392 1657 1501 1696 παίγνια
1517 1661 1530 1686 ὁ
1546 1657 1762 1696 χριστιανισμὸς,

996 1704 1143 1742 ἀγαπητοὶ,
1159 1704 1217 1733 οὐδὲ
1239 1709 1350 1743 πρᾶγμα
1374 1703 1513 1744 πάρεργον.
1538 1704 1659 1742 {ovezi-3<
1679 1706 1762 1731 ταῦτα

995 1750 1116 1789 λέγομεν,
1130 1750 1175 1778 καὶ
1189 1750 1261 1779 οὐδὲν
1279 1751 1357 1779 πλέον
1373 1753 1505 1788 ποιοῦμεν.

1038 2212 1100 2243 Πῶς
1114 2210 1198 2240 οἴεσθέ
1222 2223 1254 2248 με
1271 2211 1423 2244 ὀδυνᾶσθαι,
1439 2209 1700 2247 ἀναμιμνησκόμενον
1722 2209 1762 2238 ὅτι

995 2259 1022 2286 ἐν
1042 2256 1089 2294 μὲν
1113 2261 1166 2289 τοῖς
1194 2255 1356 2294 πανηγύρεσι
1381 2254 1484 2293 πελάγη
1512 2254 1641 2289 θαλάττης
1672 2255 1761 2292 μακρὰ

996 2307 1117 2340 μιμεῖται
1130 2305 1181 2331 τῶν
1206 2300 1335 2334 συνάξεων
1358 2300 1392 2329 τὰ
1412 2301 1516 2335 πλήθη,
1538 2303 1580 2328 ν’ῢν
1602 2299 1629 2329 δὲ
1653 2299 1710 2329 οὐδὲ
1732 2301 1762 2328 τὸ

995 2348 1138 2377 πολλοστὸν
1154 2351 1199 2376 τοῦ
1223 2346 1337 2381 πλήθους
1353 2345 1450 2374 ἐκείνου
1473 2345 1549 2384 μέρος
1568 2347 1678 2374 ἐνταῦθα
1697 2348 1761 2374 συλ-

996 2393 1113 2433 λέγεται,
1127 2394 1184 2422 Ποῦ
1197 2396 1241 2422 νῦν
1258 2394 1320 2420 εἰσιν
1338 2394 1361 2420 οἱ
1381 2392 1571 2430 διενοχλοῦντες
1585 2393 1656 2429 ἡμᾶς
1667 2392 1693 2420 ἐν
1704 2396 1761 2424 ταῖς

996 2441 1108 2477 ἑορταῖς,
1118 2437 1250 2470 Ἐκείνους
1262 2438 1386 2472 ἐπιζητῶ,
1397 2436 1442 2464 καὶ
1454 2437 1485 2464 δι’
1498 2436 1609 2469 ἐκείνους
1622 2436 1760 2475 ὀδύρομαι,

997 2484 1089 2512 ἐννοῶν
1120 2483 1180 2512 ὅσον
1210 2484 1308 2517 πλῆθος
1341 2481 1487 2510 ἀπόλλυται
1513 2484 1565 2510 τῶν
1592 2481 1756 2519 σωζομένων,

995 2529 1057 2564 ὅσην
1069 2529 1186 2568 ἀδελφῶν
1201 2528 1323 2566 ὑπομένω
1342 2527 1448 2566 ζημίαν,
1471 2529 1526 2559 πῶς
1550 2529 1585 2560 εἷς
1605 2527 1706 2565 ὀλίγους
1726 2527 1760 2555 τὰ

995 2577 1041 2609 τῆς
1055 2575 1185 2613 σωτηρίας
1205 2574 1389 2614 περιίσταται,
1413 2573 1457 2602 καὶ
1485 2574 1514 2602 τὸ
1537 2573 1616 2602 πλέον
1638 2576 1683 2602 τοῦ
1703 2572 1758 2601 σώ-
