1830 2829
414 189 445 211 ΙΝ
474 189 598 211 DtC'rtM
627 190 736 221 vum,
770 192 856 213 ΝΟΜ)
883 190 944 213 VOS
972 190 1159 223 {estonam-2,
1183 192 1257 214 12'1'12.

57 249 240 288 Πνευματικὸν
265 245 345 285 εἶπεν,
367 251 395 278 οὐ
426 249 468 278 διὰ
483 250 529 286 τὴν
554 251 627 290 φύσιν
653 255 698 281 τοῦ
718 251 825 289 ὕδατος,
842 255 859 277 C
878 253 913 281 de
935 253 1082 291 spirituali
1106 259 1298 292 consequente
1318 264 1365 282 eos
1391 261 1473 293 petra
1488 262 1589 293 :petra

56 295 124 324 ἀλλὰ
140 296 182 324 διὰ
199 296 242 324 τὸν
258 297 304 330 τῆς
319 295 444 334 χορηγίας
460 296 564 334 τρόπον,
581 297 712 336 ἐπήγαγεν
723 309 728 315 ·
742 298 821 327 *lim-

56 354 98 370 νον
112 341 162 380 γὰρ
175 344 204 371 ἐκ
220 343 266 376 τῆς
278 344 457 379 πνευματικῆς
468 343 658 377 ἀκολουθούσης
674 344 769 382 πέτρας
784 356 788 362 -
808 347 824 378 ἧ

58 387 85 415 δὲ
109 387 193 426 πέτρα
214 383 244 422 ἦν
266 389 279 416 ὁ
302 388 421 426 Χριστός.
449 388 519 427 Οὐχὶ
540 391 556 423 ἡ
582 389 655 427 φύσις
675 392 719 418 τοῦ
738 389 826 423 λίθου,

59 432 149 471 φησὶν,
165 433 223 461 ἀλλ’
241 436 256 468 ἡ
273 432 379 471 δύναμις
390 436 435 462 τοῦ
450 434 613 472 ἐνεργοῦντος
630 436 699 464 Θεοῦ
714 435 759 468 τὰς
770 447 825 470 πη-

59 478 107 516 γὰς
117 477 216 511 ἐκείνας
227 478 308 517 ἠφίει.

101 522 230 552 Ἐνταῦθα
244 523 289 552 καὶ
298 525 345 558 τὴν
364 524 469 553 Παύλου
482 527 526 552 τοῦ
540 525 718 563 Σαμοσατέως
729 525 826 564 αἵρεσιν

61 568 192 598 ἀνέσπασε
214 569 362 609 πρόρριζον.
382 570 413 598 lii
427 570 479 610 γὰρ
494 572 507 599 ὁ
524 571 636 610 Χριστὸς
652 567 684 606 ἦν
705 574 718 600 ὁ
741 571 828 600 πάντα

61 616 171 654 ἐνεργῶν
193 616 287 650 ἐκεῖνα,
310 617 365 647 πῶς
390 616 467 645 αὐτὸν
491 619 520 646 ἐκ
541 616 599 645 τότε
620 612 685 645 εἶναι
699 617 828 655 λέγουσιν,

61 659 88 694 ἐξ
102 656 130 688 οὗ
147 661 238 701 Μαρία
260 662 336 690 αὐτὸν
351 661 438 690 ἔτεκεν
450 675 457 698 ;
469 661 555 690 ‘'O-tow
574 662 624 702 γὰρ
645 663 696 702 πρὸ
719 662 765 700 μὲν
783 666 828 698 τῆς

62 706 167 747 Μαρίας
192 707 225 735 τὰ
247 707 315 736 κατὰ
332 707 378 742 τὴν
403 708 499 746 ἔρημον
526 708 650 747 φαίνηται
672 708 827 746 conedam,

1527 182 1590 215 283

877 305 975 327 autem
996 305 1057 327 erat
1075 299 1218 327 Christus.
1240 300 1310 335 Non,
1326 299 1422 337 inquit,
1445 307 1538 328 natura
1555 301 1592 328 la-

877 344 960 382 pidis,
977 344 1023 373 sed
1037 344 1170 384 operantis
1186 344 1235 373 nei
1248 344 1334 374 virtus
1346 345 1430 374 sontes
1443 345 1502 373 11105
1515 345 1592 372 011111-

878 390 957 418 1011111.

918 523 946 552 5.
960 522 995 551 Et
1010 522 1055 552 1110
1070 522 1146 552 1)31111
1159 523 1324 553 531005310οΞ
1348 523 1472 553 haercsim
1494 523 1592 552 radici-

879 574 922 597 tus
936 569 1035 598 evellit.
1048 570 1077 599 Si
1089 569 1160 598 0111111
1185 570 1308 599 Christus
1323 570 1369 599 illa
1394 571 1483 599 omnia
1498 582 1593 611 opera-

880 615 971 651 batur,
995 614 1129 652 quomodo
1151 616 1239 654 ipsum
1265 615 1329 644 hinc
1346 616 1457 655 coepisse
1479 617 1666 654 dicunt‚¹¹¹¹¹¹¹‘

880 671 941 689 cum
955 660 1040 689 Maria
1054 661 1141 699 ipsum
1158 661 1346 699 genuit?Cum
1357 662 1427 690 enim
1443 673 1471 690 03
1495 674 1553 701 qua)
1568 663 1596 692 111

881 706 984 734 deserto
1009 713 1080 745 gesta
1103 713 1176 743 sunt,
1194 713 1255 734 aute
1278 706 1393 735 Mariam
1410 708 1476 736 sacta
1491 708 1555 746 sint,
1571 716 1597 736 01

61 754 148 781 ἐκεῖνα
166 752 192 782 δὲ
206 753 293 781 πάντα
307 755 320 782 ὁ
344 754 454 791 Χριστὸς
474 749 505 788 ἦν
524 754 677 788 πεποιηκὼς
699 754 766 782 κατὰ
783 754 830 789 τὴν
847 760 865 780 1)
883 752 1006 781 Christus
1020 752 1166 781 secundum
1185 753 1262 781 Pauli
1278 764 1371 782 vocem
1383 754 1430 782 illa
1447 755 1535 783 omnia
1555 756 1596 783 se-

61 800 106 828 τοῦ
119 798 225 827 Παύλου
243 798 340 837 φωνὴν,
358 799 458 837 ἀνάγκη
480 798 524 826 καὶ
541 799 591 838 πρὸ
613 802 658 828 τοῦ
681 799 758 828 τόκου
773 800 833 828 τού-

60 856 116 879 του,
130 844 175 872 καὶ
187 844 238 882 πρὸ
258 846 308 872 τῶν
321 844 420 872 ὠδίνων
434 844 510 873 αὐτὸν
525 839 591 873 εἶναι
604 844 701 873 τούτων
712 857 717 862 ·
737 846 765 873 οὐ
780 845 833 885 γὰρ

61 889 146 924 δήπου
167 891 180 918 ὁ
204 889 240 926 μὴ
265 889 300 917 ὢν
327 890 438 929 ἐνεργεῖν
464 889 571 927 ἔμελλεν
598 889 666 918 οὕτω
693 891 832 928 θαυμαστὰ

62 934 107 963 καὶ
121 934 256 972 παράδοξα
271 934 425 974 πράγματα.
436 934 543 974 Ἵὶσπερ
558 934 584 963 δὲ
604 935 695 972 εἰπὼν,
712 935 752 964 ὅτι
764 936 833 965 Πάν-

62 991 104 1013 τες
128 979 171 1009 διὰ
196 982 244 1014 τῆς
264 980 397 1016 Θαλάσσης
416 981 529 1015 διῆλθον,
551 980 598 1015 τὴν
628 981 759 1019 εὐγένειαν
787 984 833 1017 τῆς

62 1025 223 1061 Ἐκκλησίας
258 1026 386 1060 ἐδήλωσεν
416 1026 513 1054 ἄνωθεν
548 1026 811 1064 προδιοιτυπουμένην
825 1039 831 1045 ·

64 1071 145 1105 οὕτως
166 1071 256 1108 εἰπὼν,
271 1072 311 1100 Τὸ
333 1072 396 1101 αὐτὸ
417 1074 512 1111 βρῶμα
527 1072 703 1108 πνευματικὸν
725 1072 832 1112 ἔφαγον,

64 1117 94 1145 τὸ
110 1117 172 1146 αὐτὸ
187 1120 262 1146 τοῦτο
284 1117 363 1146 πάλιν
386 1117 500 1156 ᾐνίξατο.
529 1118 657 1156 Καθάπερ
681 1117 731 1156 γὰρ
751 1120 777 1147 ἐν
800 1121 833 1157 τῇ

64 1162 212 1201 Ἐκκλησία
237 1163 286 1201 οὐχ
318 1162 405 1203 ἑτέρου
437 1162 484 1201 μὲν
513 1161 634 1200 σώματος
658 1164 671 1191 ὁ
695 1164 834 1198 πλούσιος,

63 1208 152 1248 ἑτέρου
169 1207 196 1237 δὲ
211 1210 224 1236 ὁ
238 1207 334 1244 πένης,
351 1207 408 1237 ow&
435 1208 521 1247 ἑτέρου
541 1207 588 1246 μὲν
616 1203 690 1240 οὗτος
705 1208 816 1246 αἵματος
827 1231 835 1244 ,

67 1253 155 1293 ἑτέρου
173 1253 199 1283 δὲ
215 1255 326 1287 ἐκεῖνος·
346 1253 413 1282 οὕτω
432 1253 476 1282 καὶ
491 1253 566 1288 τότε,
588 1254 638 1292 οὐχ
657 1254 744 1291 ἕτερον
761 1255 806 1292 μὲν
823 1257 836 1283 ὁ

64 1300 189 1332 πλούσιος
211 1299 344 1338 ἐλάμὲανε
367 1299 466 1337 μάννα,
488 1299 575 1338 ἕτερον
592 1299 618 1328 δὲ
637 1302 650 1328 ὁ
665 1299 761 1335 πένης·
779 1300 835 1329 οὐδὲ

883 798 948 826 ecrit
959 821 966 833 ⁷
981 808 1084 826 11000550
1108 805 1146 826 est
1166 798 1244 826 illum
1258 805 1284 827 01
1299 806 1359 827 3010
1377 806 1484 838 partum
1498 807 1524 830 01
1537 808 1598 829 31110

883 843 1087 882 parturitionem
1105 843 1198 872 fuisse:
1212 854 1295 882 neque
1311 844 1381 872 enim
1392 845 1438 883 qui
1453 856 1504 874 11011
1517 846 1598 874 exsti-

884 889 967 926 tisset,
989 896 1042 917 tam
1068 889 1203 917 mirabilia
1224 897 1303 927 atque
1326 890 1494 919 incredibilia
1517 902 1597 930 opera

884 941 1024 973 patrasset.
1049 935 1124 963 Sicut
1142 942 1231 963 3111010
1255 946 1316 964 cum
1340 935 1428 971 dixit,
1447 947 1538 965 omnes
1553 948 1600 975 per

885 990 958 1008 mare
973 979 1137 1017 transivisse,
1153 980 1279 1012 Ecclesia*
1295 981 1463 1010 nobilitatem
1477 981 1525 1010 diu
1539 989 1599 1011 ante

884 1026 957 1065 typis
969 1036 1122 1065 expressam
1132 1026 1279 1055 declaravit
1289 1027 1338 1055 :sic
1349 1037 1408 1055 cum
1420 1027 1499 1064 dixit,
1509 1039 1600 1057 001005

884 1070 1005 1099 0311111010
1019 1082 1105 1100 escam
1120 1071 1287 1110 5111111031οω
1308 1072 1464 1110 comedisse,
1480 1073 1600 1113 idipsum

885 1117 982 1145 iterum
1006 1117 1197 1146 subindicavit.
1224 1118 1460 1153 Quemadmodum
1485 1119 1556 1148 enim
1574 1120 1600 1148 iu

886 1162 1005 1191 Ecclesia
1018 1173 1069 1191 non
1086 1163 1162 1192 3111111
1177 1174 1272 1202 corpus
1291 1164 1379 1201 dives,
1395 1165 1471 1193 aliud
1485 1176 1599 1204 pauper,

885 1219 933 1237 000
948 1209 1031 1237 alium
1046 1209 1203 1248 sanguinem
1214 1209 1268 1245 hic,
1285 1209 1369 1238 alium
1384 1210 1430 1238 ille
1444 1210 1601 1249 accipitzsic

886 1261 910 1283 et
925 1254 971 1283 illo
986 1261 1104 1294 tempore
1120 1265 1171 1283 non
1186 1254 1261 1283 aliud
1278 1254 1354 1284 dives
1376 1266 1472 1284 manna
1487 1256 1599 1295 accepit,

885 1299 961 1328 aliud
977 1310 1094 1340 pauper3
1112 1310 1159 1328 nec
1183 1300 1292 1329 alterius
1314 1300 1360 1329 ille
1381 1301 1473 1337 sontis,
1491 1301 1602 1330 alterius

64 1344 155 1384 ἑτέρας
178 1344 224 1383 μὲν
249 1346 345 1377 ἐκεῖνος
361 1344 472 1384 μετέσχε
493 1347 598 1383 πηγῆς,
615 1345 705 1384 ἑτέρας
723 1345 749 1374 δὲ
763 1341 836 1378 οὗτος
850 1354 868 1376 Ε
885 1345 929 1374 1110
941 1352 967 1374 01
981 1345 1167 1383 indigentioris
1177 1345 1311 1385 particeps
1322 1346 1441 1375 suitzsed
1452 1347 1521 1375 sicut
1531 1357 1602 1375 01100

64 1390 282 1430 καταδεεστέρας·
304 1389 371 1419 ἀλλὰ
394 1389 484 1429 ὥσπερ
498 1393 542 1418 νῦν
567 1393 583 1426 ἠ
611 1390 677 1425 αὐτὴ
703 1391 836 1430 τράπεζα,

64 1436 96 1464 τὸ
118 1436 180 1465 αὐτὸ
201 1436 335 1476 ποτήριον,
355 1438 372 1470 ἡ
401 1435 466 1470 αὐτὴ
492 1435 575 1475 τροφὴ
601 1435 684 1465 ἅπασι
699 1436 836 1475 πρόκειται

65 1484 119 1513 τοῖς
133 1481 244 1510 ἐνταῦθα
257 1483 392 1510 εἰσιοῦσιν·
409 1480 476 1509 οὕτω
487 1482 532 1510 καὶ
548 1481 608 1510 τότε
621 1481 651 1510 τὸ
663 1481 727 1510 αὐτὸ
740 1481 836 1522 μάννα,

65 1529 82 1561 ἡ
105 1526 169 1562 αὐτὴ
193 1526 266 1565 πηγὴ
290 1527 372 1555 ἅπασι
387 1526 533 1566 προύκειτο.
556 1527 609 1556 Καὶ
632 1528 662 1557 τὸ
685 1527 716 1563 δὴ
733 1530 838 1566 θαυμα-

66 1573 126 1602 στὸν
150 1573 195 1602 καὶ
215 1572 370 1613 παράδοξον,
396 1573 570 1612 ἐπεχείρησάν
596 1573 661 1603 ποτέ
680 1586 749 1606 τινες
769 1574 838 1602 κατὰ

65 1618 109 1647 τὸν
124 1618 213 1658 καιρὸν
228 1620 324 1647 ἐκεῖνον
350 1618 427 1647 πλέον
448 1618 567 1652 συλλέξαι
581 1621 625 1647 τοῦ
651 1619 754 1653 δέοντος
765 1642 772 1655 ,
792 1620 837 1648 καὶ

67 1664 139 1692 οὐδὲν
159 1663 296 1694 ἀπώναντο
315 1667 362 1700 τῆς
382 1664 540 1697 πλεονεξίας.
555 1664 624 1694 Ἀλλ’
647 1665 695 1699 ἕως
721 1665 768 1703 μὲν
788 1665 837 1701 τὴν

67 1709 176 1745 ἰσότητα
191 1709 297 1747 ἐτίμων,
312 1709 387 1748 ἔμενε
400 1710 430 1739 τὸ
445 1710 529 1748 μάννα
550 1710 636 1748 μάννα
650 1711 690 1739 ὄν·
705 1711 795 1747 ἐπειδὴ
811 1710 838 1740 δὲ

66 1756 229 1784 πλεονεκτεῖν
242 1755 420 1794 ἐπεθύμησαν,
435 1758 451 1791 ἡ
467 1755 601 1789 πλεονεξία
621 1756 650 1785 τὸ
665 1757 751 1795 μάννα
770 1757 839 1786 σκώ-

885 1390 977 1419 eadem
992 1391 1048 1430 ipsa
1066 1401 1155 1419 mensa
1179 1390 1298 1430 idipsum
1313 1391 1452 1430 poculum,
1469 1391 1538 1420 idem
1561 1392 1603 1420 ci-

885 1436 936 1465 bus
950 1436 1074 1465 omnibus
1091 1436 1144 1465 11110
1165 1436 1376 1475 ingredientibus
1390 1437 1516 1466 offertur:
1526 1437 1562 1466 ita
1576 1444 1602 1466 et

886 1489 949 1511 tunc
968 1482 1089 1521 idipsum
1111 1492 1219 1520 manna,
1235 1481 1307 1511 idem
1327 1483 1385 1511 sons
1399 1483 1524 1511 omnibus
1538 1493 1602 1522 pro-

887 1528 1042 1568 ponebatur.
1064 1527 1197 1566 Quodque
1219 1528 1382 1567 stupendum
1399 1528 1601 1557 admirandum-

888 1583 939 1611 que
956 1580 1005 1609 est,
1028 1580 1160 1602 tentavere
1178 1573 1289 1611 quidam
1316 1574 1364 1603 illo
1388 1581 1507 1613 tempore
1527 1575 1600 1614 plus,

886 1629 967 1656 quam
979 1629 1046 1658 opus
1060 1625 1125 1656 erat,
1142 1618 1277 1657 colligere,
1291 1619 1413 1658 nihilque
1424 1620 1526 1659 profuit
1546 1619 1600 1648 illis

886 1664 1010 1693 avaritia.
1028 1666 1132 1694 Verum
1145 1664 1228 1693 donec
1249 1665 1428 1703 aequalitatem
1447 1666 1601 1701 servabant,

887 1721 983 1740 manna
1003 1710 1126 1739 manebat
1140 1721 1252 1746 manna;
1265 1711 1313 1739 uhi
1330 1721 1393 1740 vero
1408 1712 1469 1751 plus
1483 1712 1602 1750 accipere

887 1756 1039 1793 studebant,
1053 1756 1167 1785 avaritia
1183 1767 1280 1785 103003
1296 1757 1323 1785 10
1336 1767 1440 1785 vermes
1461 1758 1600 1786 mutabat:

65 1802 135 1835 ληκα
161 1801 280 1836 ἐποίησε·
303 1801 390 1830 καίτοι
411 1814 441 1840 γε
463 1803 492 1830 οὗ
514 1801 581 1839 μετὰ
608 1805 655 1837 τῆς
676 1805 727 1831 τῶν
751 1803 837 1832 ἄλλων
845 1802 1011 1846 2³‚lquamtfis
1026 1802 1077 1830 hoc
1091 1812 1143 1830 000
1154 1812 1214 1830 cum
1224 1802 1383 1831 detrimento
1396 1803 1512 1832 aliorum
1523 1804 1601 1832 faeie-

66 1846 162 1884 ζημίας
182 1850 256 1876 τοῦτο
279 1847 397 1875 ἐποίουν·
421 1848 449 1875 οὐ
465 1846 515 1887 γὰρ
537 1847 568 1883 δὴ
590 1848 620 1876 ἐκ
636 1850 683 1883 τῆς
704 1851 750 1877 τοῦ
770 1850 839 1884 πλη·
855 1857 873 1877 Α
888 1847 952 1876 bant
968 1859 974 1875 z
992 1857 1045 1876 non
1059 1847 1131 1876 enim
1152 1847 1270 1886 proximi
1285 1858 1372 1876 escam
1394 1849 1523 1888 rapiendo
1543 1849 1603 1888 plus

67 1891 121 1920 σίον
143 1892 301 1930 ἁρπάζοντες
320 1894 431 1932 τροφῆς,
446 1892 527 1925 οὕτως
544 1893 618 1922 αὐτοὶ
632 1894 711 1922 πλέον
734 1894 839 1923 συνέλε-

67 1949 122 1976 γον,
146 1939 203 1967 ἀλλ’
229 1937 301 1976 ὅμως
329 1938 420 1973 ἐπειδὴ
451 1941 496 1967 τοῦ
519 1939 636 1971 πλείονος
660 1939 840 1977 ἐπεθύμησαν,

67 1983 296 2023 κατεγνώσθησαν.
319 1984 352 2012 Εἰ
367 1983 417 2022 γὰρ
433 1983 478 2012 καὶ
494 1983 574 2021 μηδὲν
589 1984 632 2012 τὸν
653 1984 764 2020 πλησίον
781 1984 839 2018 28(-

69 2041 142 2064 κουν,
162 2029 220 2057 ἀλλ’
245 2028 352 2061 ἑαυτοὺς
371 2027 405 2056 τὰ
426 2027 539 2066 μέγιστα
562 2028 756 2066 κατέέῗλαπτον,
778 2029 842 2069 πρὸς

69 2072 219 2106 πλεονεξίαν
239 2074 277 2111 τῷ
295 2072 384 2111 τρόπῳ
407 2074 454 2106 τῆς
470 2073 599 2110 συλλογῆς
622 2072 721 2107 ταύτης
742 2076 840 2102 συνεθι-

69 2120 186 2158 ζόμενοι.
201 2118 285 2147 Ὥστε
301 2120 365 2155 ὁμοῦ
382 2117 411 2146 τὸ
426 2117 489 2145 αὐτὸ
510 2117 555 2145 καὶ
569 2117 652 2156 τροφὴ
668 2113 698 2152 ἧν
714 2118 759 2146 καὶ
781 2121 839 2146 θεο-

69 2164 183 2202 γνωσίας
197 2163 366 2192 διδασκαλία·
387 2165 452 2200 ὁμοῦ
478 2162 523 2191 καὶ
544 2162 576 2191 τὰ
601 2162 712 2199 σώματα
735 2163 841 2202 ἔτρεφε,

70 2211 115 2240 καὶ
140 2209 186 2245 τὴν
216 2208 301 2248 ψυχὴν
333 2208 484 2237 ἐπαίδευεν
513 2209 559 2236 οὐκ
583 2207 673 2246 ἔτρεφε
702 2208 728 2236 ’δὲ
753 2208 841 2246 μόνον,

71 2255 138 2286 ἀλλὰ
160 2255 205 2284 καὶ
226 2253 312 2283 πόνων
338 2253 514 2288 ἀπήλλαττεν.
540 2255 580 2282 Οὐ
607 2253 658 2292 γὰρ
680 2253 731 2282 ἔδει
757 2253 842 2287 ζεῦξαι

74 2304 149 2341 βοῦς,
171 2299 247 2329 ὀὔτε
267 2300 376 2338 ἄροτρον
390 2299 586 2337 ἑλκύσαιζοῦδὲ
604 2301 744 2337 ἀνατεμεῖν
762 2300 842 2328 αὔλα-

888 1893 1063 1932 colligebant,
1078 1900 1104 1921 at
1115 1899 1203 1922 tamen
1219 1893 1281 1931 quia
1295 1893 1357 1932 plus
1370 1894 1602 1932 concupiscebant,

888 1938 1008 1967 damnati
1022 1945 1092 1967 sunt.
1110 1938 1185 1966 Licet
1199 1939 1270 1966 enim
1284 1938 1441 1977 proximum
1455 1949 1506 1967 000
1521 1939 1603 1967 laede-

890 1989 958 2018 rent,
972 1981 1024 2010 sibi
1038 1988 1124 2010 tamen
1139 1982 1288 2009 maximum
1303 1981 1433 2010 damnum
1446 1982 1602 2016 afferebant.

891 2038 952 2056 cum
963 2027 1014 2055 hoc
1029 2026 1174 2065 colligendi
1184 2026 1264 2055 modo
1280 2027 1400 2056 avaritiae
1415 2035 1603 2057 assuescerent.

890 2074 981 2110 Itaque
997 2071 1115 2111 idipsum
1128 2072 1209 2101 simul
1221 2079 1246 2100 et
1260 2083 1318 2101 esca
1338 2080 1395 2101 erat
1409 2079 1434 2102 et
1446 2074 1497 2102 Dei
1511 2074 1604 2113 cogni-

890 2117 970 2146 tionis
990 2116 1111 2145 doetrina
1127 2129 1133 2145 :
1151 2117 1232 2145 simul
1259 2127 1369 2157 corpora
1397 2119 1552 2155 nutriebat,
1579 2127 1606 2148 01

890 2162 1028 2192 erudiebat
1043 2163 1176 2199 animum;
1188 2173 1272 2201 neque
1284 2163 1416 2192 nutriebat
1437 2166 1606 2201 tantum‚sed

891 2208 972 2236 etiam
981 2219 996 2236 a
1012 2208 1105 2237 labore
1117 2208 1260 2237 eximebat.
1275 2209 1368 2247 Neque
1379 2210 1450 2238 enim
1471 2221 1537 2250 opus
1550 2218 1605 2239 erat

889 2255 1001 2293 jungere
1014 2254 1106 2290 boves,
1121 2261 1240 2282 aratrum
1253 2254 1368 2292 trahere,
1378 2256 1422 2284 vel
1437 2263 1534 2285 terram
1546 2258 1605 2285 sul-

894 2310 961 2335 care,
979 2299 1021 2328 vel
1036 2310 1084 2338 per
1097 2310 1197 2328 annum
1212 2307 1377 2339 exspectare3
1393 2301 1439 2329 sed
1453 2303 1542 2331 subito
1556 2314 1605 2342 ap-

73 2360 139 2384 κας,
163 2346 221 2376 οὐδὲ
245 2346 360 2375 ἐνιαυτὸν
376 2347 531 2382 ἀναμεῖναι,
555 2345 612 2373 ἀλλ’
635 2345 840 2384 ἐσχιεδιοισμένην
858 2352 876 2373 Β
892 2345 1007 2384 positam
1018 2345 1152 2374 habebant
1171 2356 1298 2382 mensam,
1313 2353 1454 2385 recentem,
1470 2358 1568 2377 novam
1583 2355 1608 2376 01

74 2388 143 2432 εἶχον
157 2391 204 2427 τὴν
215 2391 358 2430 τράπεζαν,
370 2390 521 2430 πρόσφατον
536 2390 580 2418 καὶ
594 2390 688 2430 νεαρὰν
711 2390 756 2418 καὶ
773 2390 840 2429 ἔφή·

77 2449 167 2477 μερον·
182 2437 265 2466 καὶτὸ
279 2436 444 2475 εὖαγγελικὸν
455 2438 537 2465 ἐκεῖνο
546 2436 722 2474 παράγγελμα
737 2435 779 2464 διὰ
790 2438 841 2465 τῶν

77 2482 158 2522 ἔργων
169 2482 259 2515 αὐτοὺς
269 2482 400 2517 ἐπαίδευε,
410 2482 440 2510 τὸ
450 2481 486 2520 μὴ
496 2486 623 2521 μεριμνᾷν
637 2484 671 2514 εἷς
684 2481 731 2516 τὴν
740 2481 827 2520 αὔριον
835 2495 840 2500 ·

113 2573 123 2584 2
139 2565 280 2597 [cutim
294 2567 362 2597 9111]

892 2390 1078 2428 quotidianam
1090 2391 1239 2429 :rebusque
1259 2391 1323 2430 ipsis
1339 2391 1475 2421 discebant
1490 2404 1606 2432 evange-

892 2436 974 2464 licum
995 2436 1065 2465 illud
1089 2443 1250 2476 praeceptum
1260 2459 1267 2472 ‚
1279 2447 1331 2465 000
1346 2437 1441 2467 debere
1455 2439 1607 2478 quempiam
1618 2442 1702 2464 Jlatth.
1718 2443 1742 2463 G.

894 2481 1038 2511 sollicitum
1059 2492 1114 2511 0550
1137 2482 1164 2510 in
1180 2481 1324 2511 crastinum
1337 2494 1342 2510 :
1355 2483 1429 2511 nulla
1443 2484 1542 2523 quippe
1556 2484 1607 2513 uti·
1618 2473 1655 2503 34·

1440 2565 1486 2591 19.

1666 518 1745 537 Cunna

1606 547 1697 570 Paulum
1708 550 1747 568 53-

1657 584 1747 601 mus-itt·-
