1843 2810
38 930 91 951 Gal.
106 936 126 951 z.
143 928 176 951 13.

185 166 254 211 450
506 177 535 199 s.
564 174 703 198 sommis
730 171 910 196 cuanosT.

185 250 248 269 mus
262 245 289 268 ει·
299 239 352 278 ipsi
361 244 535 278 peccatores,
551 247 621 267 num
639 237 768 266 Christus
787 235 899 273 peccati

187 287 375 314 ministerest
380 284 460 321 Quod
473 291 561 313 autem
572 282 646 318 dicit,
658 282 735 310 taltm
744 279 899 310 sententiam

186 332 294 361 habet:
321 330 402 360 Fides
425 329 564 371 justificat,
588 336 611 358 et
636 340 651 357 a
677 328 774 357 ritibus
801 325 898 356 Judai-

186 378 311 417 cisjubet
323 376 471 412 discedere,
487 383 515 405 ut
532 375 579 414 qui
595 376 650 414 jam
664 373 811 403 cessaiint:
827 369 900 409 quod

186 424 208 452 si
223 423 311 452 adhuc
334 423 378 452 lex
401 423 512 462 imperat
533 429 612 460 atque
635 420 800 454 dominatur,
816 416 899 455 etqui

186 478 243 496 eam
257 466 413 502 desciuerit‚
428 465 653 505 praevaricationis
674 470 712 493 est
731 473 803 497 leus,
819 460 901 491 Clui-

187 521 254 548 stus‚
264 513 312 551 qui
324 512 412 547 nobis,
421 519 449 540 ut
461 512 535 540 illam
545 511 737 544 desereremus,
747 507 900 548 impmavst,

187 559 263 588 nobis
284 557 508 598 praevaricationis
530 564 622 586 auctor
645 556 725 585 fuisse
740 553 900 593 reperietur,

187 615 271 643 neque
282 605 370 633 solum
383 614 430 632 nos
444 610 549 643 peccato
561 613 614 631 non
629 602 766 636 liberasse,
777 599 823 629 sed
837 606 862 627 et
874 599 901 627 in

187 657 324 689 peccatum
347 649 495 689 impulisse.
518 648 547 677 Si
569 649 639 676 enim
662 647 697 676 ob
718 645 799 674 fidem
818 645 903 683 legem

187 695 365 731 deseruimus,
389 705 469 734 porro
482 705 496 722 a
511 693 568 732 lege
592 692 743 721 discessisse
767 697 904 730 peccatum

187 748 238 777 est,
250 741 316 769 fides
328 741 362 769 ob
374 751 455 778 quam
467 740 552 777 legem
566 738 744 773 deseruimus,
759 739 815 778 ipsa
829 736 904 765 nobis

187 788 255 817 facta
268 794 307 816 est
321 796 398 815 eausa
413 786 523 825 peccati.
538 784 652 821 Quando
667 790 753 812 autem
767 783 801 811 ad
815 783 905 811 absur-

188 833 253 861 dum
264 832 321 870 jam
335 841 481 860 sermonem
496 829 608 867 redegit,
626 839 710 867 neque
725 828 780 857 ulla
794 827 904 856 demon-
915 854 950 871 373

189 878 316 907 stratione
327 876 443 915 indiguit
456 875 490 903 ad
505 874 686 908 refutandum,
702 873 749 902 sed
767 880 905 902 contentus
925 882 943 903 A

190 924 239 952 suit
253 923 352 959 dicere,
368 922 467 956 Absit,
483 920 555 958 quod
570 920 721 949 absurditas
740 919 767 948 in
789 919 906 948 confesso

189 977 256 999 esset
272 983 278 998 :
294 970 325 998 Si
339 971 426 1003 enim,
444 967 541 1006 inquit,
557 977 622 1006 qltoe
642 967 782 1002 destrui-i,
804 967 907 993 iterum

191 1017 252 1044 hoec
266 1015 388 1054 (edifica,
401 1014 652 1052 praevaricatorem
673 1022 719 1040 me
739 1013 882 1040 constituo
899 1022 905 1038 :

192 1062 218 1090 in
233 1061 395 1090 contrarium
411 1058 541 1088 convertit
564 1058 721 1093 orationem,
738 1064 763 1086 et
782 1056 907 1091 ostendit,

192 1118 243 1137 non
256 1105 403 1145 transgredi
424 1106 522 1144 legem,
537 1103 583 1132 sed
602 1103 688 1141 legem
706 1113 758 1131 non
778 1103 908 1139 deserere,

191 1153 242 1181 hoc
271 1152 498 1192 praevaricatorem
530 1149 656 1185 reddere;
682 1156 707 1178 et
728 1159 775 1188 per
795 1150 911 1188 speeiem

191 1199 306 1239 propria?
317 1208 433 1238 persona?
444 1207 536 1225 rursus
550 1197 656 1225 Petrum
669 1195 799 1234 designat.
811 1197 841 1224 In
857 1206 911 1234 quo

192 1246 261 1274 enim
288 1246 382 1274 Petrus
404 1243 526 1272 ciborum
545 1241 756 1270 observationem
778 1241 908 1275 violavit,

192 1291 238 1329 qui
255 1290 391 1329 gentiliter
412 1295 537 1317 statuerat
558 1287 669 1316 vivere?
684 1287 754 1316 Cum
769 1286 852 1324 igitur
876 1287 910 1315 ad

192 1336 300 1366 Judaeos
313 1336 411 1364 iterum
425 1333 545 1369 redierit,
558 1340 583 1362 et
604 1343 664 1361 cum
689 1332 744 1360 illis
767 1332 851 1369 vivat,
869 1343 909 1361 re-

192 1384 312 1422 perietur
326 1381 457 1410 aedificare
470 1391 529 1418 quse
552 1379 728 1408 destruxerat.

233 1430 282 1457 20.
294 1427 380 1458 Vides
393 1436 448 1466 quo
458 1432 534 1465 pacto
542 1424 677 1463 ubiquein
694 1423 911 1453 condemnatione

193 1474 263 1504 Petri
283 1473 432 1508 hae1eat‚ct
450 1483 481 1510 pi
484 1481 565 1499 ionem
581 1470 666 1509 ipsius
684 1470 910 1498 conversationem

193 1531 227 1548 ιι]
223 1520 359 1547 'misestetz
373 1525 402 1546 ut
415 1527 467 1546 non
483 1528 496 1544 a
513 1516 603 1555 lingua
626 1516 713 1551 Pauli,
735 1515 781 1544 sed
797 1527 810 1544 a
825 1522 911 1544 mente

193 1565 275 1599 Petri,
296 1575 375 1602 quam
390 1563 469 1592 rebus
482 1561 548 1601 ipsis
568 1560 727 1594 ostenderat,
745 1561 834 1591 Judaei
859 1561 909 1590 ad-

194 1609 368 1638 monitionem
390 1607 508 1646 aceipere
532 1605 692 1634 videantur?
712 1606 850 1643 Propterea
868 1604 910 1633 di-

195 1655 231 1684 cit
247 1667 253 1682 t
273 1655 387 1682 Timens
399 1662 446 1680 eos
465 1654 516 1691 qui
527 1662 562 1679 erc
577 1652 794 1680 circumcisione
816 1656 911 1685 erant,

196 1705 221 1726 et
238 1699 314 1735 Qm'a
329 1697 515 1735 reprehensus
529 1701 590 1723 erat
601 1705 613 1730 ;
627 1701 651 1723 ct
667 1695 753 1732 Quod
765 1705 823 1722 non
838 1702 913 1723 recte

197 1744 360 1772 ambularet
375 1742 415 1770 ad
425 1744 577 1770 veritatem
595 1740 749 1779 evangelii.
767 1741 825 1769 Non
840 1740 913 1778 quod

197 1791 234 1818 ita
252 1800 280 1818 se
297 1789 406 1818 haberet
424 1800 429 1815 :
446 1787 531 1823 absit;
551 1786 602 1814 hoc
625 1785 695 1814 enim
715 1785 842 1824 pluribus
867 1785 913 1814 de-

197 1835 406 1864 monstravimus
421 1845 426 1860 :
441 1832 487 1861 sed
501 1831 727 1870 quemadmodum
741 1838 798 1860 tum
812 1838 913 1870 tempo-

197 1882 234 1910 ris
245 1879 454 1919 reprehendebat
468 1878 576 1912 Paulus,
589 1884 613 1905 ct
627 1877 682 1905 haec
691 1877 802 1905 audiens
821 1878 914 1905 Petrus

197 1927 309 1961 tacebat,
325 1935 358 1954 ne
379 1924 457 1952 Pauli
481 1923 704 1962 dispensationem
724 1928 866 1957 everteret,
889 1929 914 1950 et

197 1978 334 2000 contentus
350 1968 499 2007 e1·at‚quasi
519 1978 569 1996 non
590 1975 658 1996 recte
672 1974 769 2006 ageret,
784 1967 912 2005 objurga-

197 2019 296 2046 tionem
311 2016 460 2050 admittere,
479 2021 506 2042 ut
522 2013 590 2042 illud
606 2014 658 2042 sibi
673 2013 745 2052 apud
767 2012 915 2052 discipulos

198 2063 361 2092 excusationi
377 2068 443 2090 esset
461 2074 466 2089 :
481 2061 517 2089 ita
529 2060 657 2088 nimirum
678 2069 749 2087 nunc
761 2059 809 2087 iste
822 2058 915 2087 eodem

198 2109 310 2137 consilio
324 2118 376 2145 quo
392 2109 497 2135 Petrum
515 2105 652 2143 arguebat,
676 2105 732 2132 haec
745 2104 835 2132 scribit
857 2114 915 2142 qum

200 2161 257 2182 tum
266 2153 397 2181 scribebat
411 2151 444 2180 ad
458 2151 577 2180 Galatas.
589 2151 656 2179 Nam
668 2150 689 2178 si
704 2157 761 2177 tum
777 2149 915 2189 objurgari

200 2202 319 2232 Petrum,
335 2205 360 2226 ct
373 2205 468 2230 tacere,
479 2197 543 2225 utile
560 2195 661 2225 Judaeis
676 2203 741 2229 erat,
757 2196 842 2224 multo
858 2207 916 2224 ina-

201 2245 241 2283 gis
257 2255 327 2272 nunc
341 2243 419 2272 ctiam
434 2243 482 2271 ista
505 2243 538 2270 ‹lc
558 2242 616 2281 ipso
632 2241 780 2280 przrdieari,
797 2242 862 2269 utile
886 2241 917 2270 iis

202 2297 257 2319 crat
270 2301 303 2318 cx
317 2289 432 2323 Galatis,
448 2288 495 2326 qui
509 2289 612 2316 fuerant
632 2287 780 2326 depravati.
798 2289 834 2316 Ut
847 2288 917 2315 enim

202 2336 250 2376 qui
265 2343 321 2364 tum
333 2334 478 2363 Antiochiae
491 2333 633 2371 degebant,
643 2342 704 2360 cum
716 2333 810 2360 acriter
825 2343 917 2371 repre—-

202 2382 315 2410 hensum
326 2386 460 2409 cernerent
473 2380 592 2412 Petrum,
608 2384 632 2406 et
645 2384 783 2412 tacentem,
798 2378 918 2417 magistri

203 2426 368 2455 accusatione
392 2424 604 2463 corrigebantur,
629 2433 658 2451 ac
681 2422 810 2451 silentio:
833 2425 871 2451 sic
893 2430 919 2452 et

203 2482 273 2500 nunc
287 2471 401 2505 Galatae,
415 2471 461 2508 qui
476 2468 568 2497 eodem
580 2468 672 2496 morbo
692 2467 811 2497 Judaicae
824 2468 917 2496 obser-

203 2517 317 2546 vationis
331 2517 461 2550 laborant,
477 2521 502 2543 ct
516 2513 581 2542 dum
596 2513 709 2542 Paulum
727 2512 841 2541 audiunt
862 2513 916 2542 lime

203 2563 236 2591 ‹le
250 2563 307 2602 ipso
317 2562 459 2596 dicentem,
472 2566 562 2599 utpote
573 2559 635 2597 quia
660 2558 834 2597 reprehensus
848 2566 914 2595 erat,

929 1559 947 1582 B

935 2105 952 2128 C

940 170 1095 193 ARCfflEP.
1123 170 1381 193 CONSTANTINOP
1388 186 1395 193 .

954 232 1010 264 τίας
1024 231 1155 268 διάκονος
1173 232 1210 262 dO
1225 233 1251 262 δὲ
1270 233 1349 270 λέγει,
1358 233 1472 262 τοιοῦτόν
1494 233 1564 261 ἔστιν
1574 244 1580 250 ·
1595 235 1612 267 ἡ
1630 234 1718 265 πίστις

955 278 1058 312 δικαιοῖ,
1075 278 1119 306 καὶ
1134 278 1234 307 κελεύει
1247 281 1393 314 ἀποστῆναι
1406 281 1458 307 τῶν
1471 278 1619 307 Ἰουδαϊκῶν
1638 280 1716 313 ἐθῶν,

954 326 989 357 ὡς
1005 324 1179 362 πεπαυμένων
1192 326 1282 354 λοιπόν
1291 338 1297 344 ·
1312 327 1334 354 εἷ
1356 325 1382 354 δὲ
1397 325 1435 354 ἔτι
1455 329 1544 364 κρατεῖ
1557 327 1570 353 ὁ
1583 325 1660 363 νόμος
1674 326 1718 354 καὶ

955 370 1042 409 κύριός
1056 371 1121 406 ἐστι,
1136 371 1180 399 καὶ
1193 373 1208 399 ὁ
1221 371 1293 410 ἀφεὶς
1307 371 1384 400 αὐτὸν
1401 371 1575 410 παραδοίσεως
1590 370 1719 409 κρίνεται,

956 416 1124 455 εὑρεθήσεται
1136 419 1148 445 ὅ
1163 417 1275 455 Χριστὸς
1284 438 1291 451 ,
1306 419 1319 445 ὁ
1332 416 1458 449 κελεύσας
1471 419 1534 454 ἡμῖν
1554 415 1631 444 αὐτὸν
1645 415 1721 455 ἀφιέ-

956 474 1007 497 ναι,
1020 463 1066 496 τῆς
1082 461 1256 501 παραὸάσεως
1269 465 1332 500 ἡμῖν
1346 461 1427 494 αἴτιος
1439 462 1623 501 γεγενημένος,
1633 461 1678 489 καὶ
1692 463 1720 490 οὔ

957 508 1033 546 μόνον
1049 509 1095 536 οὐκ
1109 507 1261 540 ἀπαλλάξας
1283 511 1353 546 ἡμᾶς
1367 508 1510 547 ἁμαρτίας,
1526 507 1593 535 ἀλλὰ
1607 507 1651 535 καὶ
1671 508 1721 544 ἔμ’-

957 553 1044 582 Cotton
1059 555 1094 586 εἷς
1109 553 1250 592 ἆμαρ-τίαν.
1265 554 1298 582 Εἰ
1310 553 1360 592 γὰρ
1375 553 1418 582 διὰ
1430 553 1478 588 τὴν
1489 553 1576 581 πίστιν
1589 553 1631 581 τὸν
1644 552 1722 590 νόμον

958 599 1107 639 ἀφήκαμεν,
1123 598 1153 627 τὸ
1167 599 1194 628 δὲ
1210 599 1312 638 ἀφιέναι
1325 599 1368 627 τὸν
1386 599 1464 636 νόμον
1478 598 1594 637 ἁμαρτία
1606 598 1690 632 ἐστὶν,
1705 599 1721 632 ἡ

957 646 1052 680 πίστις,
1067 646 1100 673 δι’
1119 646 1150 680 ἣν
1165 645 1209 673 τὸν
1223 645 1301 683 νόμον
1320 644 1474 684 ἀφήκαμεν,
1490 644 1556 679 αὕτη
1572 646 1621 678 τ’ἧς
1635 645 1723 682 ἆμαρ-

957 692 1014 724 τίας
1030 692 1104 728 ἡμῶν
1120 691 1190 720 αἰτία
1204 690 1314 729 ἐγένετο.
1330 690 1382 719 Καὶ
1399 691 1488 725 ἐπειδὴ
1510 690 1600 719 λοιπὸν
1614 691 1650 722 εἷς
1664 690 1724 718 ἄτο-

958 750 1006 767 πον
1031 738 1073 766 τὸν
1091 738 1168 776 λόγον
1185 737 1365 776 περιέστησεν,
1380 737 1439 765 οὐδὲ
1454 737 1546 772 ἐδεήθη
1561 738 1725 770 κατασκευῆς

958 796 1046 816 τινος
1038 796 1101 823 προς
1116 783 1280 822 ἀνατροπὴν,
1292 782 1359 830 ἀλλὰ
1371 795 1408 811 τω
1427 783 1471 819 Μὴ
1483 782 1584 821 γένοιτο
1596 782 1724 821 ἠρκέσθη,

1608 829 1641 858 Ei
1665 828 1725 867 γὰρ,

960 888 1048 916 φησιν,
1063 876 1079 904 ἃ
1093 876 1233 912 κατελυσα,
1250 879 1333 904 ταῦτα
1351 877 1430 905 πάλιν
1446 878 1585 914 οἷκοδομω,
1599 875 1725 914 παραὸἄ·

960 934 1008 956 την
1020 923 1131 960 ἐμαυτὸν
1144 922 1297 959 συνίστημι·
1310 923 1345 955 εἷς
1354 923 1383 951 τὸ
1393 922 1506 951 ἐναντίον
1514 921 1669 960 περιέστησε
1682 921 1726 949 τὸν

959 832 994 862 ὡς
1017 830 1122 858 αὐτόθεν
1147 832 1193 864 τῆς
1222 824 1335 862 ἀτοπίας
1355 813 1579 868 ὡμολογημένης·

960 967 1051 1006 λόγον,
1066 968 1110 996 καὶ
1125 967 1231 1003 ἔδειξεν,
1244 968 1284 996 ὅτι
1299 969 1328 996 οὗ
1343 968 1372 996 τὸ
1384 967 1537 1006 παραὸἢναι
1550 967 1644 1002 νόμον,
1660 966 1727 995 ἀλλὰ

961 1012 991 1040 τὸ
1006 1012 1042 1050 μὴ
1059 1013 1161 1051 ἀφεῖναι
1178 1013 1272 1051 νόμον,
1284 1015 1360 1042 τοῦτο
1374 1017 1443 1041 ποιεῖ
1456 1012 1613 1051 παραῧάτην
1622 1024 1628 1029 ·
1641 1012 1685 1040 καὶ
1700 1013 1726 1039 ἐν

962 1058 1033 1091 τάξει
1051 1061 1096 1086 τοῦ
1116 1058 1210 1087 οἰκείου
1225 1058 1367 1097 προσώπου
1382 1058 1460 1086 πάλιν
1474 1057 1517 1086 τὸν
1533 1056 1634 1095 Πέτρον
1648 1056 1728 1085 αἷνίτ-

963 1115 1044 1132 τεται.
1058 1103 1094 1132 Τί
1103 1104 1153 1142 γὰρ
1165 1104 1306 1133 κατέλυσεν
1321 1106 1334 1132 ὁ
1348 1103 1447 1142 Πέτρος
1456 1103 1503 1138 τὴν
1515 1104 1567 1131 τῶν
1583 1102 1728 1141 βρωμάτων

963 1150 1162 1189 παρατήρησιν,
1176 1151 1281 1182 ἐθνικῶς
1304 1151 1349 1188 ζῇν
1370 1149 1563 1188 προῃρημένος;
1585 1148 1670 1177 Πάλιν
1685 1144 1728 1176 οὖν

963 1196 1027 1235 πρὸς
1043 1195 1182 1228 Ἰουδαίους
1194 1195 1355 1231 ἐπανελθὼν,
1370 1195 1499 1227 κάκείνοις
1513 1196 1605 1229 συζῶν,
1621 1194 1728 1233 εὑρεθή-

963 1253 1036 1270 σεται
1052 1242 1068 1270 ἃ
1081 1241 1222 1270 κατέλυσεν
1237 1242 1389 1279 οἰκοδομῶν.

1005 1419 1086 1457 (Ορᾷς
1099 1420 1154 1451 πῶς
1171 1421 1306 1458 πανταχοῦ
1320 1420 1367 1453 τῆς
1384 1418 1493 1456 κρίσεως
1514 1418 1602 1457 ἔχεται
1617 1421 1661 1446 τοῦ
1676 1418 1729 1446 Πέ-

964 1476 1041 1503 τρου,
1059 1464 1103 1493 καὶ
1123 1464 1170 1499 τὴν
1185 1464 1314 1503 προτέραν
1330 1465 1408 1492 αὐτοῦ
1427 1463 1585 1492 ἓκκαλύπτει
1605 1464 1731 1502 ἀναστρο-

964 1509 1029 1548 φήν·
1052 1508 1093 1536 ἵνα
1109 1509 1145 1546 μὴ
1166 1508 1237 1546 παρὰ
1255 1511 1301 1544 τῆς
1320 1511 1364 1537 τοῦ
1385 1507 1492 1536 Παύλου
1514 1508 1647 1545 γλώττης,
1663 1507 1730 1535 ἀλλὰ

964 1553 1037 1592 παρὰ
1053 1555 1100 1588 τῆς
1114 1556 1160 1582 τοῦ
1182 1554 1284 1593 Πέτρου
1299 1553 1416 1592 γνώμης,
1431 1553 1463 1587 ἢν
1476 1552 1518 1581 διὰ
1539 1555 1590 1581 τῶν
1605 1553 1729 1592 πραγμά-

964 1612 1016 1628 των
1031 1599 1192 1635 ἐπεδείξατο,
1207 1601 1317 1628 δοκῶσιν
1338 1602 1362 1627 οῖ
1375 1599 1496 1628 Ἰουδαῖοι
1515 1598 1563 1633 τὴν
1578 1598 1731 1637 παραίνεσιν

967 1646 1103 1685 δέχεσθαι;
1118 1646 1168 1674 Διὰ
1180 1646 1264 1674 ταῦτά
1275 1656 1354 1685 φησι,
1367 1644 1536 1682 (1)οέούμενος
1547 1643 1605 1676 τοὺς
1619 1646 1647 1672 ἐκ
1658 1656 1731 1683 περι-

966 1694 1062 1730 τομῆς,
1076 1691 1121 1720 καὶ
1145 1691 1207 1721 ζΌτι
1229 1690 1440 1729 κατεγνωσμένος
1464 1685 1509 1724 ἦν,
1531 1690 1576 1718 καὶ
1600 1689 1662 1718 ςὈτι
1684 1691 1731 1718 οὐκ

966 1739 1100 1777 ὄρθοποδεῖ
1119 1738 1183 1776 πρὸς
1204 1737 1252 1773 τὴν
1276 1737 1400 1772 ἀλήθειαν
1421 1738 1466 1765 τοῦ
1489 1735 1650 1774 εὐαγγελίου.
1671 1737 1732 1775 Οὐχ

966 1784 1047 1816 οὕτως
1067 1783 1094 1812 δὲ
1113 1783 1181 1822 ἔχων
1193 1795 1199 1801 ·
1220 1783 1256 1821 μὴ
1271 1783 1387 1821 γένοιτο·
1403 1782 1445 1811 διὰ
1459 1782 1510 1821 γὰρ
1532 1783 1637 1811 πολλῶν
1657 1784 1733 1811 τοῦτο

967 1829 1138 1867 ἀπεδείξαμεν
1149 1841 1155 1847 ·
1174 1829 1232 1857 ἀλλ’
1247 1828 1336 1867 ὥσπερ
1351 1828 1409 1856 τότε
1429 1828 1541 1865 ἐπετίμα
1556 1828 1673 1864 Παῦλος,
1688 1827 1733 1856 καὶ

967 1878 1050 1903 ταῦτα
1072 1874 1174 1903 ἀκούων
1191 1876 1203 1902 ὃ
1218 1873 1319 1912 Πέτρος
1339 1873 1428 1911 ἐσίγα,
1443 1872 1510 1901 ὥστε
1533 1872 1568 1909 μὴ
1589 1873 1732 1912 ἀνατρέψαι

967 1920 1015 1955 τὴν
1026 1920 1174 1958 οἰκονομίαν
1185 1919 1301 1954 Παύλου,
1314 1919 1359 1947 καὶ
1371 1918 1538 1957 κατεδέχετο,
1552 1919 1586 1950 ὣς
1598 1920 1644 1946 οὐκ
1652 1920 1732 1957 ὀρθῶς

967 1979 1131 2001 πεποιηκως,
1154 1966 1179 1994 δε
1175 1965 1275 2005 χεσθαι
1297 1965 1344 2000 τὴν
1369 1964 1549 1999 ἐπίπληξιν,
1544 1963 1585 1992 ι’να
1604 1964 1732 2003 ἀπολογία

968 2015 1039 2042 αὗτυ
1054 2012 1161 2051 γένηται
1175 2023 1251 2040 τουτο
1262 2011 1327 2050 πρὸς
1339 2023 1398 2043 τους
1411 2010 1543 2049 μαθητάς·
1563 2010 1631 2039 ουτω
1646 2010 1676 2046 δὴ
1688 2010 1733 2039 καὶ

969 2061 1042 2091 οὗτος
1053 2070 1097 2087 νυν
1113 2057 1180 2096 μετὰ
1193 2060 1240 2092 τῆς
1253 2058 1333 2091 αὐτῆς
1346 2056 1462 2096 γνώμης,
1475 2059 1530 2095 μεθ
1543 2059 1574 2091 ἡς
1590 2057 1733 2095 ἐπετίμησε

969 2104 1009 2132 Πέ
998 2116 1080 2143 ετρο),
1096 2103 1190 2143 γράφει
1211 2115 1293 2131 ταυτα
1303 2103 1393 2141 ,ἅπερ
1416 2102 1512 2142 ἔγραψε
1534 2103 1675 2134 Γαλάταις.
1701 2103 1734 2131 Εἰ

969 2149 1019 2189 γὰρ
1034 2149 1092 2178 τότε
1106 2149 1137 2178 τὸ
1151 2150 1338 2186 ἐπιτιμηθῆναι
1352 2147 1464 2187 Πέτρον,
1478 2147 1522 2177 καὶ
1535 2150 1654 2186 σιγῆσαι,
1667 2147 1734 2186 χρή-

970 2207 1046 2233 σιμον
1060 2191 1091 2230 ἧν
1105 2198 1158 2227 τοῖς
1173 2194 1320 2229 Ἰουδαίοις,
1331 2194 1421 2232 πολλῷ
1434 2195 1532 2231 μᾶλλον
1546 2193 1575 2221 ἂν
1587 2193 1631 2221 καὶ
1645 2194 1690 2220 νῦν
1705 2193 1735 2221 τὸ

970 2244 1053 2269 ταῦτα
1075 2240 1135 2278 περὶ
1154 2241 1232 2268 αὐτοῦ
1247 2241 1370 2278 λεχθῆναι
1387 2238 1519 2277 χρήσιμον
1531 2234 1564 2274 ἦν
1585 2241 1636 2266 τῶν
1651 2239 1735 2267 Γαλα-

970 2288 1021 2314 τῶν
1036 2290 1090 2318 τοῖς
1111 2285 1313 2324 διεφΟαρμένοις.
1327 2284 1433 2323 ”Ωσπερ
1453 2283 1503 2322 γὰρ
1522 2286 1545 2313 οἱ
1566 2284 1625 2312 τότε
1640 2285 1666 2312 ἐν
1680 2286 1737 2313 Ἀν-

971 2332 1072 2370 τιοχεία
1087 2330 1276 2369 διατρίῧοντες,
1291 2331 1401 2369 ὁρῶντες
1422 2329 1522 2368 Πέτρον
1542 2329 1735 2367 ἐπιτιμώμενον

973 2379 1029 2415 μεθ’
1051 2376 1212 2415 ὑπερὸολῆς,
1230 2376 1274 2404 καὶ
1298 2377 1424 2414 σιγῶντα,
1441 2375 1596 2414 διωρθοῦντο
1615 2377 1647 2414 τῇ
1669 2375 1737 2404 κατὰ

973 2426 1017 2451 τοῦΙ
1040 2421 1196 2451 διδασκάλου
1219 2420 1376 2460 κατηγορίᾳ,
1398 2420 1442 2448 καὶ
1462 2423 1494 2459 τῇ
1516 2423 1589 2459 σιγῇ·
1611 2420 1678 2449 οὕτω
1692 2420 1737 2449 καὶ

972 2471 1015 2496 νυ“ν
1040 2468 1159 2497 Γαλάται
1181 2479 1241 2506 περι
1261 2466 1294 2496 τὰ
1314 2466 1445 2495 ἩΙουδαίκα
1463 2477 1610 2502 νοσουντες,
1628 2479 1672 2496 και
1691 2478 1737 2495 του

972 2514 1078 2542 Παυλου
1098 2525 1180 2541 ταυτα
1200 2526 1258 2552 περι
1279 2514 1356 2541 αὐτοῦ
1375 2512 1493 2550 λέγοντος
1514 2512 1664 2548 ἀκούοντες,
1680 2509 1732 2540 οἶον

971 2559 1010 2587 ὅτι
1023 2559 1232 2596 κατεγνωσμένος
1248 2561 1288 2593 ἠν,
1302 2558 1345 2586 καὶ
1361 2559 1406 2587 οὐκ
1426 2558 1592 2596 ὠρθοπόδησε
1581 2570 1671 2597 προς
1685 2557 1733 2592 τὴν
