1843 2810
205 164 272 208 542
519 174 547 195 s.
576 174 714 196 somnis
741 171 920 195 euersosr.

202 236 277 264 illam
285 246 339 264 csse
347 235 539 270 existimemus,
546 245 607 263 cum
615 245 648 263 ex
656 241 748 262 natura
757 243 803 262 sua
811 242 860 260 non
870 231 913 267 sit,

204 281 250 310 sed
260 281 346 320 specie
359 287 434 309 tenus
446 290 501 309 esse
510 280 642 308 videatur.
654 280 692 308 Ut
704 279 773 307 enim
787 276 912 316 pulchri-

204 326 268 355 tudo
283 326 453 355 meretricum
468 325 536 354 fucis
550 333 574 354 et
590 324 733 364 pigmentis
749 328 912 361 comparata,

203 372 403 411 pulchritudine
413 371 550 408 destituta,
563 378 668 410 turpem
680 380 710 397 ac
720 369 865 397 deformem
875 368 914 395 fa-

205 418 270 447 eiem
281 418 421 458 pulchram
433 424 458 445 et
466 417 608 445 formosam
617 426 671 444 esse
683 414 746 442 sacit
755 413 818 450 illis,
828 413 874 451 qui
885 423 914 441 ea

204 463 385 502 decipiuntur,
393 473 454 491 cum
466 462 577 501 pulchra
589 471 639 489 non
651 461 683 488 sit
696 472 700 487 :
713 460 748 488 ita
757 459 835 488 etiam
845 458 916 487 divi-

205 510 247 538 tiae
266 510 376 545 faciunt,
397 519 459 537 cum
478 507 657 536 adulationem
676 506 772 535 volunt
787 505 916 533 honorem

204 555 300 584 videri.
311 556 351 584 Ne
361 555 430 583 enim
444 560 547 593 apertas
560 560 583 581 et
597 563 628 580 ex
642 558 713 580 metu
724 549 915 588 blanditiisque

204 601 335 639 profectas
349 600 441 628 laudes
453 598 593 627 intuearis:
606 598 646 625 hae
658 597 729 625 enim
739 603 801 624 sunt
816 595 915 624 colores

205 653 229 674 et
245 646 397 685 pigmenta3
412 645 456 674 sed
471 655 572 679 eorum,
586 643 631 681 qui
646 643 682 671 ita
697 642 746 670 tihi
761 641 916 676 adulantur,

205 692 412 731 uniuscujusque
425 690 612 719 conscientiam
625 688 706 728 aperi,
719 695 744 716 et
757 687 862 716 videbis
876 688 915 715 in-

205 744 246 765 tus
259 738 376 766 infinitos
385 743 560 769 accusatores,
574 735 620 773 qui
632 741 722 764 contra
734 741 759 762 te
771 733 916 762 vociferen-

204 791 256 819 tur,
277 791 354 821 teque
374 783 460 821 inagis
481 788 634 810 aversentur
654 787 678 809 et
697 779 811 814 oderint,
835 789 915 817 quam

204 829 380 857 inimicissimi
394 835 417 857 et
432 827 595 856 infestissimi
607 826 715 864 quique.
729 827 766 853 Ac
776 825 797 853 si
808 825 916 863 quando

204 875 326 903 indutam
339 875 388 903 isto
404 881 475 903 metu
490 874 592 902 larvam
605 871 792 912 superveniens
805 871 916 899 mutatio

204 931 292 949 reruni
302 920 439 949 sustulerit
446 930 475 948 ac
483 918 613 947 detexerit
623 916 848 956 quemadmodum
858 916 915 944 vul-

204 973 246 994 tus
262 966 322 994 illos
341 966 380 994 sol
397 964 484 993 missis
503 963 585 992 radiis
601 962 786 999 calidioribus,
803 969 860 990 tum
878 962 915 990 sic

203 1012 273 1040 clare
287 1011 391 1040 videbis
407 1018 431 1039 te
446 1010 519 1039 omni
536 1009 665 1048 superiori
680 1016 798 1048 tempore
813 1008 839 1035 in
855 1018 913 1035 ma—

203 1057 277 1085 ximo
294 1057 375 1085 fuisse
387 1062 519 1084 contemtu
534 1054 606 1093 apud
621 1065 664 1082 eos
681 1054 726 1092 qui
744 1061 769 1081 te
781 1053 901 1081 colebant

904 1076 912 1090 ²
924 1079 959 1097 455

950 171 968 191 Α
975 170 1090 192 nCtnEP
1098 185 1105 193 0
1133 172 1194 194 CON
1201 171 1398 194 STANTffiOP.

966 234 1094 269 γυναικῶν
1114 232 1289 272 ἕπιτρίμμασι
1313 232 1357 262 καὶ
1380 233 1541 271 ὑπογραφαῖς
1562 230 1731 270 συγκείμενα,

966 277 1077 310 κάλλους
1099 278 1146 315 μὲν
1162 279 1354 317 ἀπεστέρηται,
1366 278 1414 312 τὴν
1429 277 1456 305 δὲ
1481 276 1592 316 αἰσχρὰν
1609 277 1666 315 ὄψιν
1687 277 1732 305 καὶ

967 323 1071 358 δυσειδῆ
1088 323 1172 358 καλήν
1182 336 1210 352 τε
1223 323 1267 352 καὶ
1282 325 1367 358 εὗειδῆ
1379 319 1445 351 εῖναι
1457 327 1526 351 ποιεῖ
1539 322 1611 361 παρὰ
1621 327 1675 354 τοῖς
1688 322 1732 350 ὑπ’

967 370 1048 403 αὖτῆς
1062 369 1241 407 ἠπατημένοις
1251 391 1258 405 ,
1273 370 1318 397 οὐκ
1331 364 1408 397 οὖσαν
1423 368 1506 403 καλήν
1515 379 1522 386 ·
1539 369 1606 396 οὕτω
1620 367 1651 402 δὴ
1664 367 1708 396 καὶ
1719 369 1733 396 ὁ

967 415 1077 447 πλοῦτος
1099 414 1147 449 τὴν
1171 414 1310 443 κολακείαν
1337 413 1488 452 βιαζόμενος
1503 413 1583 452 τιμὴν
1604 412 1733 442 δεικνύναι

968 465 1045 489 ποιεῖ.
1059 460 1105 494 Μὴ
1120 460 1171 499 γάρ
1191 472 1235 498 μοι
1249 459 1295 492 τὰς
1311 461 1337 488 ἐν
1353 461 1390 499 τῷ
1407 461 1510 498 φανερῷ
1536 458 1578 487 διὰ
1595 458 1672 498 φοΈον
1688 458 1734 487 καὶ

968 507 1082 534 θωπείαν
1094 506 1231 545 γινομένας
1245 505 1375 544 εὐφημίας
1389 505 1460 543 ἴδῃς·
1477 500 1554 533 αῧται
1569 504 1618 544 γάρ
1636 506 1685 534 εἶσι
1701 504 1734 532 τὰ

968 552 1112 591 χρώματα,
1126 552 1172 580 καὶ
1188 554 1214 580 αἱ
1226 555 1235 567 “”’
1245 551 1408 590 ὑπογραφαί·
1423 550 1488 579 ἀλλὰ
1499 551 1529 579 τὸ
1547 551 1657 579 ἑκάστου
1671 562 1733 579 συν-

933 601 951 623 Ε
969 598 1034 630 ειδὸς
1045 599 1097 626 τῶν
1108 597 1142 626 τὰ
1152 597 1261 625 τοιαῦτά
1273 609 1301 625 σε
1314 596 1508 624 κολακευόντων
1521 595 1675 631 ἀνάπτυξον,
1690 595 1734 624 καὶ

968 643 1025 682 ὄψει
1039 643 1146 682 μυρίους
1160 643 1230 671 ἔνδον
1245 641 1429 673 καταὸοῶντᾶς
1442 652 1488 669 σου
1503 641 1674 681 κατηγόρους,
1689 641 1735 669 καὶ

968 691 1018 717 τῶν
1035 690 1154 726 μάλιστα
1169 689 1268 727 ἐχθρῶν
1283 688 1328 716 καὶ
1344 686 1477 725 πολεμίων
1493 687 1592 725 μᾶλλον
1608 688 1736 725 ἀποστρε-

968 735 1093 773 φομένους
1108 734 1152 763 καὶ
1169 737 1316 772 μισοῦντας.
1332 733 1385 762 Καὶ
1398 733 1421 761 εἴ
1434 744 1497 761 ποτε
1513 733 1543 761 τὸ
1556 734 1585 761 ἐκ
1598 735 1642 761 τοῦ
1655 732 1735 771 φόὸου

968 780 1057 809 τούτου
1068 779 1236 819 συγκείμενον
1247 783 1412 818 προσωπεῖον
1425 778 1557 817 μεταὲολὴ
1571 778 1735 818 πραγμάτων

968 827 1112 854 ἐπελθοῦσα
1128 824 1262 864 ἀφανίσειέ
1276 836 1305 852 τε
1326 824 1371 852 καὶ
1393 824 1545 862 διελέγξειε,
1558 823 1676 863 καθάπερ
1690 822 1736 856 τὰς

968 872 1038 910 ὄψεις
1059 871 1157 903 ἐκείνας
1179 871 1252 905 ἥλιος
1277 870 1436 909 θερμοτέραν
1460 872 1553 898 ἀκτῖνα
1575 870 1664 909 ἀφεὶς,
1677 869 1735 899 τότε

968 916 1024 955 ὄψει
1039 917 1125 948 καλῶς
1143 916 1182 944 ὅτι
1194 915 1267 956 παρὰ
1281 918 1368 945 πάντα
1383 915 1426 944 τὸν
1441 915 1586 955 ἔμπροσθεν
1601 915 1692 954 χρόνον
1709 917 1735 944 ἐν

967 962 1067 1001 ἐσχάτῃ
1084 961 1131 1000 μὲν
1143 958 1174 996 ἧς
1189 961 1283 1000 ἀτιμίᾳ
1304 961 1377 999 παρὰ
1393 966 1446 993 τοῖς
1460 960 1644 999 θεραπεύουσι,
1656 963 1736 998 τιμῆς

967 1008 993 1036 δὲ
1009 1007 1123 1045 ἐνόμιζες
1131 1006 1272 1036 ἀπολαύειν
1283 1007 1333 1035 ὑπὸ
1345 1009 1396 1035 τῶν
1413 1007 1528 1044 μάλιστα
1542 1005 1684 1044 μισούντων
1696 1017 1736 1041 σε,

967 1054 1011 1082 καὶ
1031 1053 1135 1093 μυρίαις
1150 1065 1178 1082 σε
1195 1052 1263 1081 κατὰ
1288 1053 1402 1081 διάνοιαν
1425 1051 1571 1080 πλυνόντων
1587 1051 1736 1090 λοιδορίαις,

202 1104 303 1141 tibique
323 1103 412 1132 visum
432 1112 486 1130 esse
506 1101 607 1129 bonore
626 1100 698 1128 affici
720 1099 754 1127 ab
776 1099 808 1127 iis
829 1099 873 1137 qui
890 1106 915 1127 te
932 1106 950 1128 A
968 1099 1011 1128 καὶ
1039 1101 1066 1127 ἐν
1089 1099 1213 1138 ἐσχάταις
1235 1111 1263 1127 σε
1280 1103 1425 1137 συμφοραῖς
1450 1096 1643 1135 ἐπιθυμούντων
1664 1097 1735 1128 ἰδεῖν,

202 1148 319 1176 maxime
328 1147 448 1184 oderant,
461 1146 626 1183 infinitisque
638 1144 710 1184 apud
722 1145 841 1173 animum
853 1155 914 1173 eon-

203 1194 278 1223 viciis
286 1193 502 1233 proscindebant,
512 1199 536 1220 et
547 1192 572 1220 in
582 1191 708 1220 extremis
718 1190 915 1219 calamitatibus

83 1255 192 1274 tumorem
203 1240 294 1268 videre
308 1239 458 1278 cupiebant.
476 1238 609 1266 Honorem
621 1237 690 1265 enirn
702 1237 769 1265 nihil
780 1237 816 1265 ita
828 1237 916 1265 conci-

52 1286 94 1305 ΜΝ
125 1287 192 1305 *ΜΗ*
203 1286 268 1313 liare
280 1285 353 1321 solet,
364 1292 393 1312 ut
405 1284 502 1321 virtus,
514 1283 641 1311 honorem
653 1293 704 1311 non
720 1289 851 1317 coactum,
870 1282 917 1310 ho-

52 1316 159 1336 fflmhss'
204 1342 294 1359 norem
310 1342 360 1359 non
382 1331 486 1366 lictum,
506 1340 590 1367 neque
608 1329 683 1357 larva
701 1328 789 1366 aliqua
806 1328 917 1356 fallaciae

204 1383 314 1411 tectum,
329 1376 375 1404 sed
398 1385 490 1404 verum
513 1382 537 1402 et
554 1374 708 1412 genuinum,
727 1373 825 1412 quique
844 1373 917 1402 nulla

204 1429 353 1460 temporum
368 1420 527 1449 difficultate
536 1420 675 1447 refutetur.

101 1486 134 1506 An
148 1487 195 1507 offi-
245 1468 291 1495 to.
316 1468 349 1494 At
371 1465 464 1493 ulcisci
487 1465 529 1493 vis
548 1474 592 1492 eos
612 1464 658 1502 qui
679 1471 705 1492 te
727 1464 918 1493 offenderunt?

53 1518 110 1552 ‘2³³⁰‘
134 1518 193 1537 divn-
206 1512 281 1540 Hanc
302 1511 387 1550 ipsam
410 1510 445 1538 ob
468 1520 574 1538 causam
594 1509 719 1541 maxime.
743 1510 916 1547 quemadmo-

52 1552 95 1598 [τῖς
108 1549 194 1599 ι’ὶυξῗξ]
204 1558 269 1586 dum
283 1564 343 1586 ante
359 1557 428 1591 dixi,
441 1556 573 1594 fugienda}
587 1562 648 1583 sunt
659 1555 772 1584 divitiae.
786 1555 916 1584 Esficiunt

52 1617 144 1630 scamma
203 1603 286 1639 enim,
302 1610 331 1631 ut
348 1612 435 1630 ensem
451 1601 477 1629 in
494 1601 607 1640 teipsum
623 1600 723 1639 adigas,
740 1608 765 1629 et
781 1601 916 1639 graviores

203 1649 229 1677 in
248 1649 337 1676 futuro
358 1649 472 1676 rationes
488 1646 538 1674 tibi
555 1646 682 1683 reddunt,
697 1653 721 1674 et
736 1646 916 1676 intolerabiles

203 1705 292 1733 poenas
303 1700 405 1732 parant.
422 1693 539 1720 Tantum
552 1702 665 1729 namque
676 1692 776 1720 malum
789 1699 825 1720 est
838 1693 914 1729 ultio,

203 1747 231 1767 ut
251 1739 329 1768 etiam
346 1738 397 1767 Dei
416 1737 606 1775 benignitatem
624 1737 797 1773 revocaverit,
819 1744 843 1765 et
857 1738 914 1776 jam

202 1786 293 1814 datam
304 1784 470 1812 infinitorum
484 1789 653 1821 peccatorum
662 1783 767 1810 veniam
778 1783 867 1811 fecerit
879 1784 914 1811 ir-

53 1845 137 1867 MHHJ„
155 1846 191 1869 13,
203 1831 290 1859 ritant.
308 1831 374 1858 Nam
390 1830 436 1868 qui
451 1828 537 1857 decies
551 1828 625 1856 mille
639 1828 798 1856 talentorum
814 1828 914 1857 condo-

202 1877 340 1904 nationem
355 1875 478 1914 adeptus,
499 1874 608 1911 solaque
622 1873 795 1902 obtestatione
813 1880 914 1902 tantam

200 1922 313 1959 gratiam
331 1926 509 1957 consequutus
523 1920 620 1954 fuerat,
636 1929 696 1947 cum
710 1926 816 1947 eentum
832 1920 913 1948 dena-

201 1968 253 1996 rios
269 1969 386 2005 exigeret
403 1976 418 1994 a
437 1975 573 1999 conserve,
589 1964 639 1992 hoe
657 1971 705 2001 est,
723 1976 782 1993 cum
801 1965 912 1994 delicto-

202 2025 261 2043 rum
275 2013 402 2042 adversus
416 2022 442 2040 se
459 2011 636 2039 admissorum
652 2021 742 2049 poenas
757 2017 911 2050 reposceret,

201 2059 302 2088 saevitia
323 2068 384 2096 erga
404 2067 562 2085 conservum
576 2067 654 2084 suum
670 2056 786 2096 seipsum
801 2057 911 2086 damna-

201 2106 256 2140 vit;
276 2114 361 2141 neque
375 2113 437 2131 vcro
454 2103 536 2130 ullam
554 2102 634 2130 aliam
649 2102 700 2130 nisi
719 2103 787 2131 hanc
804 2104 838 2131 ob
857 2114 911 2132 rem

202 2148 346 2178 tortoribus
361 2148 484 2183 traditus,
498 2154 523 2175 et
537 2147 680 2183 cruciatus,
699 2155 724 2176 et
737 2148 824 2177 decies
839 2149 913 2178 mille

201 2194 297 2222 talenta
319 2193 427 2222 reddere
444 2194 534 2231 jussus
556 2200 594 2221 est
617 2194 744 2222 :nullum
763 2194 847 2223 veniae
867 2202 912 2223 aut

201 2238 378 2267 excusationis
400 2239 489 2266 locutu
510 2238 621 2274 invenit,
642 2238 688 2267 sed
710 2239 912 2268 acerbissimum

201 2284 362 2324 supplicium
379 2294 519 2323 perpessus
535 2291 583 2317 est,
599 2284 689 2322 jussus
709 2291 793 2313 totum
810 2286 912 2315 solvere

200 2329 329 2365 debitum,
346 2328 419 2367 quod
436 2328 599 2367 praeveniens
616 2329 663 2357 Dei
680 2329 831 2369 benignitas
846 2341 909 2360 con-

199 2375 353 2403 donaverat.
372 2375 547 2412 Proptereane
566 2373 649 2411 igitur
668 2374 825 2404 divitiarum
844 2376 910 2405 adeo

199 2420 313 2459 cupidus
332 2431 369 2457 es,
388 2418 459 2458 quod
479 2425 504 2446 te
519 2418 597 2446 facile
615 2418 649 2446 ad
668 2420 798 2458 ejusmodi
815 2432 910 2460 peeca-

198 2474 252 2493 tum
270 2465 417 2504 perdueunt
427 2466 440 2492 Ξ)
450 2464 528 2502 Atqui
542 2464 576 2492 ob
588 2464 614 2492 id
629 2474 664 2492 ese
677 2471 811 2503 tamquam
821 2466 908 2495 inimi-

967 1145 1056 1183 Τιμὴν
1068 1144 1118 1184 γὰρ
1129 1144 1199 1173 οὐδὲν
1218 1144 1298 1176 οὕτως
1313 1144 1387 1172 εἴωθε
1402 1147 1494 1178 ποιεῖν,
1503 1144 1538 1174 ὡς
1550 1141 1630 1180 ἀρετὴ
1640 1141 1736 1179 ,τιμὴν

967 1193 994 1219 οὐ
1019 1190 1282 1228 κατηναγκασμένην,
1306 1189 1385 1227 τιμὴν
1410 1190 1438 1218 οὗ
1460 1187 1658 1226 πεπλασμένην,
1678 1187 1736 1216 οὐδὲ

967 1236 1124 1276 προσωπείῳ
1149 1236 1200 1264 τινὶ
1235 1237 1396 1274 φενακισμοῦ
1436 1233 1638 1273 κεκρυμμένην,
1668 1232 1736 1261 ἀλλὰ

970 1283 1055 1318 ἀληθῆ
1082 1282 1126 1310 καὶ
1151 1281 1270 1320 γνησίαν,
1287 1281 1332 1310 καὶ
1350 1282 1460 1318 οὐδεμιᾷ
1485 1281 1584 1318 καιρῶν
1610 1278 1735 1317 δυσκολίᾳ

970 1327 1153 1367 ἐλεγχομένην.

1011 1465 1079 1493 Ἀλλ’
1100 1464 1247 1502 ἀμύνασθαι
1276 1465 1363 1503 βούλει
1387 1464 1446 1497 τοὺς
1469 1463 1660 1499 λελυπηκότας;
1682 1463 1735 1491 Καὶ

971 1512 1003 1539 δι’
1019 1511 1081 1539 αὐτὸ
1098 1511 1143 1548 μὲν
1159 1506 1202 1539 οὖν
1224 1513 1298 1539 τοῦτο
1320 1511 1449 1548 μάλιστα,
1464 1509 1582 1548 καθάπερ
1605 1508 1684 1548 ἔφθην
1699 1510 1735 1537 εῖ-

970 1557 1037 1591 πὼν,
1053 1557 1160 1596 φευκτὸς
1179 1559 1192 1584 ὁ
1210 1557 1328 1588 πλοῦτος.
1344 1556 1420 1585 Κατὰ
1435 1555 1486 1595 γὰρ
1505 1558 1600 1584 σαυτοῦ
1615 1554 1644 1582 τὸ
1666 1554 1736 1592 ξίφος

970 1604 1044 1631 ὠθεῖν
1067 1614 1095 1630 σε
1120 1601 1326 1641 παρασκευάζει,
1342 1601 1386 1630 καὶ
1413 1601 1556 1640 βαρυτέρας
1578 1600 1624 1632 τὰς
1648 1602 1673 1628 ἐν
1697 1601 1736 1638 τῷ

971 1648 1092 1686 μέλλοντί
1106 1659 1147 1677 σοι
1158 1648 1312 1682 καθίστησιν
1326 1647 1444 1682 εὐθύνας,
1459 1647 1504 1674 καὶ
1514 1646 1656 1685 ἀφορήτους
1667 1649 1736 1673 ποιεῖ

972 1694 1019 1726 τὰς
1030 1694 1168 1733 τιμιι)ρίας.
1186 1694 1316 1722 Τοσοῦτον
1330 1693 1381 1731 γὰρ
1390 1692 1469 1721 κακὸν
1483 1692 1512 1720 τὸ
1523 1691 1684 1729 ἀμύνασθαι,
1695 1692 1735 1719 ὅτι

934 1748 950 1769 Β
968 1740 1012 1769 καὶ
1029 1742 1098 1769 Θεοῦ
1125 1739 1319 1778 φιλανθρωπίαν
1342 1738 1534 1771 ἀνεκαλέσατο,
1554 1737 1597 1765 καὶ
1621 1737 1735 1764 δοθεῖσαι

967 1787 1017 1821 ἥδη
1029 1785 1227 1824 ἁμαρτημάτων
1240 1783 1353 1823 ἀπείρων
1370 1783 1535 1822 συγχώρησιν
1545 1781 1690 1820 ἠκύρωσεν.
1701 1780 1736 1810 Ὁ

967 1831 1017 1870 γὰρ
1033 1830 1136 1871 μυρίων
1153 1829 1242 1858 λαδὼν
1266 1829 1402 1857 ταλάντων
1424 1828 1471 1863 τὴν
1488 1828 1593 1867 ἅψεσιν,
1614 1827 1658 1855 καὶ
1683 1826 1736 1854 ἀπὸ

967 1878 1044 1916 ψιλῆς
1073 1875 1264 1915 παρακλήσεως
1297 1874 1425 1909 τοσαύτης
1449 1873 1598 1904 ἀπολαύσας
1622 1872 1735 1910 δωρεᾶς,

967 1921 1058 1956 ἐπειδὴ
1070 1920 1162 1949 ἑκατὸν
1178 1919 1307 1959 δηναρίων
1320 1918 1462 1954 ἀπαίτησιν
1476 1920 1587 1947 ἐποιεῖτο
1606 1916 1678 1955 παρὰ
1689 1919 1736 1944 τοῦ

967 1967 1104 1997 συνδούλου
1115 1990 1122 2002 ,
1135 1968 1204 1995 τοῦτ’
1221 1965 1300 2001 ἔστιν,
1313 1964 1403 1999 ἐπειδὴ
1423 1967 1475 1992 τῶν
1495 1965 1530 1995 εἷς
1552 1963 1627 1992 αὐτὸν
1644 1964 1734 1999 πλημ-

967 2012 1126 2051 μελημάτων
1145 2011 1242 2050 ἀπῄτει
1263 2010 1348 2046 δίκας,
1364 2012 1389 2039 ἐν
1403 2012 1436 2048 τῇ
1459 2008 1519 2048 περὶ
1534 2008 1577 2036 τὸν
1593 2007 1735 2045 ὁμόδουλον

965 2058 1122 2098 σφοδρότητι
1145 2058 1203 2086 καθ’
1225 2058 1317 2085 ἑαυτοῦ
1332 2056 1378 2090 τὴν
1390 2054 1533 2088 καταδίκην
1545 2053 1663 2091 ἐξήνεγκε
1673 2064 1679 2070 ·
1690 2053 1736 2080 καὶ

965 2104 998 2132 δι’
1013 2104 1100 2143 ἕτερον
1116 2103 1163 2141 μὲν
1180 2101 1262 2138 οὐδὲν,
1272 2101 1315 2130 διὰ
1327 2104 1402 2130 τοῦτο
1421 2100 1448 2129 δὲ
1466 2099 1542 2138 μόνον
1562 2098 1672 2131 καὶτοῖς
1686 2100 1734 2136 βα-

965 2154 1099 2182 σανισταῖς
1123 2148 1293 2188 παρεδίδοτο,
1309 2147 1355 2176 καὶ
1370 2146 1556 2185 ἐστρεὸλοῦτο,
1571 2144 1616 2173 καὶ
1639 2143 1672 2172 τὰ
1685 2143 1733 2181 μύ-

967 2207 1009 2233 ρια
1026 2195 1143 2224 τάλαντα
1157 2195 1325 2222 ἀπαιτεῖσθαι
1341 2190 1475 2220 ἐκελεύετο
1486 2202 1492 2208 ·
1516 2190 1560 2218 καὶ
1576 2188 1733 2227 συγγνώμης

965 2242 1102 2279 οὐδεμιᾶς,
1118 2239 1175 2269 οὐδὲ
1199 2237 1340 2276 ἀπολογίας
1362 2236 1511 2271 ἀπήλαυεν,
1527 2234 1594 2263 ἀλλὰ
1619 2234 1652 2262 τὰ
1668 2233 1730 2268 ἀνή-

929 2291 947 2313 C
964 2299 1043 2315 κεστα
1059 2285 1174 2324 ἔπασχε,
1185 2283 1331 2315 κελευσθεὶς
1345 2283 1414 2310 ἅπαν
1427 2283 1579 2310 καταθεῖναι
1593 2280 1622 2308 τὸ
1635 2278 1712 2318 χρέος
1722 2301 1730 2314 ,

964 2332 977 2360 ὃ
993 2332 1160 2370 προλαὸοῦσα
1175 2332 1190 2365 ἡ
1207 2333 1252 2358 τοῦ
1272 2330 1340 2358 Θεοῦ
1357 2325 1539 2366 φιλανθρωπία
1553 2324 1729 2364 συνεχώρησε.

964 2377 1014 2406 Διὰ
1031 2380 1107 2405 τοῦτο
1121 2372 1174 2411 οῦν,
1190 2375 1246 2404 εἶπέ
1264 2385 1309 2412 μοι
1319 2395 1326 2409 ,
1341 2375 1354 2401 ὁ
1369 2372 1479 2404 πλοῦτός
1501 2383 1541 2400 σοι
1555 2370 1730 2410 περισπούδα-

963 2435 1037 2458 στος,
1060 2422 1098 2451 ὅτι
1122 2434 1151 2450 σε
1171 2422 1207 2454 εἷς
1228 2419 1350 2453 τοιαύτην
1376 2417 1507 2456 ἁμαρτίαν
1532 2418 1588 2454 μετ’
1610 2415 1728 2447 εὐκολίας

962 2468 1061 2506 ἐξάγεις
1076 2467 1127 2496 Καὶ
1142 2466 1192 2504 μὴν
1211 2465 1252 2495 διὰ
1262 2468 1336 2494 τοῦτο
1352 2464 1427 2493 αὐτὸν
1443 2465 1477 2495 ὡς
1492 2462 1583 2501 ἐχθρὸν
1596 2462 1639 2490 καὶ
1647 2460 1726 2490 πολέ-

232 2554 239 2561 ==
259 2543 342 2568 Μοῖρ’.
356 2550 379 2567 et
394 2543 443 2567 (luo
456 2543 511 2568 Mss.
528 2546 665 2577 υπηρνινῐ,
680 2544 754 2569 ὃᾱιίΙ.
770 2551 793 2569 et
810 2553 870 2569 unus
884 2552 1011 2580 επψμρκέ.
