1840 2839
729 173 908 195 Enisa-min.
1520 162 1588 196 61⁷,

50 229 147 263 πολλ’ἧς
159 229 205 262 vx<
221 228 368 267 φιλοτιμίας
380 227 438 260 τοὺς
452 227 548 265 ἀγαθόν
562 239 587 256 τι
602 232 684 256 ποιεῖν
697 227 712 262 ἢ
730 229 814 266 λέγειν
825 223 914 272 Ἅᾰιμιῐ
930 228 990 256 boni
1006 227 1147 267 quidpiam
1161 234 1286 267 prtrstnre
1295 228 1428 256 voluerint
1443 234 1486 256 aut
1503 229 1588 263 essuri,

50 273 351 312 προαιρουχιένους1ταῖς
383 273 528 302 ἀντιδόσεσι
552 273 595 301 καὶ
615 278 671 306 ταῖς
693 274 815 311 ἁμοιῖἱαῖς
870 273 1585 312 reuuinerationibusm:pru-iniissuperarecontendit:

51 325 123 358 νικᾷν
139 319 294 348 ἐσπούδακεν
305 331 310 336 ·
331 314 366 346 ὧν
382 318 548 357 ἐπιτύχοιμεν
561 320 587 347 ἐν
604 320 709 358 ,Χριστῷ
726 320 812 354 Ἰησοῦ
870 330 928 357 (pun
945 319 1046 347 utinam
1061 330 1254 357 consequamur
1271 318 1296 346 in
1322 319 1428 346 Christo
1448 321 1509 347 Jesu
1533 320 1586 346 Ηυ-

49 366 87 403 τῷ
105 365 193 404 Κυρίῳ
211 367 300 402 ἡμῶν,
315 359 337 403 ᾧ
352 366 368 398 ἡ
381 363 442 396 δόξα
457 366 492 397 εἰς
506 363 566 396 τοὺς
580 366 675 397 αἰῶνας
689 368 740 393 ’.ὧν
754 365 816 393 αἰώ-
871 365 943 392 mino
968 371 1067 401 nostro,
1091 364 1132 392 cui
1153 363 1237 402 glori-‘i
1262 363 1287 391 iu
1303 364 1399 392 scocula
1417 364 1583 392 soeculoruuu.

50 422 109 439 νων.
128 410 218 448 Ἀμήν.
871 412 963 437 Anien.

614 630 1018 694 MONITUM

271 784 316 819 1N
344 783 595 819 EPISTOLAS·
617 781 741 818 DUAS
765 780 959 816 JOANNlS
985 778 1375 815 CIIRYSOSTOTOMI

571 907 620 935 AD
643 906 907 936 INNOCENTIUM
930 907 1063 942 mrsu,

48 1031 141 1069 Inque
153 1028 316 1068 Epistolam
324 1028 490 1056 Innocentii
503 1026 544 1055 ad
559 1025 811 1062 Chrysoseomnm,
827 1030 854 1053 et
870 1025 900 1052 in
914 1023 1038 1052 alteram
1051 1023 1207 1051 adclerum
1217 1028 1243 1051 et
1255 1022 1396 1061 populum
1412 1023 1584 1051 Constanti-

89 1083 308 1121 nopolitanum;
335 1082 460 1118 itemque
474 1081 506 1107 in
520 1079 685 1117 Epistolam
714 1079 839 1106 Ilonorii
853 1079 893 1106 acl
910 1077 1075 1105 Arcadium
1093 1078 1173 1105 circa
1190 1087 1225 1105 ea
1253 1087 1318 1115 quoe
1345 1079 1376 1105 in
1405 1078 1584 1116 depositione

87 1138 214 1166 Joannis
229 1134 646 1173 Chrysostomigestasuerant
656 1145 667 1166 ;
681 1133 795 1160 demum
810 1135 840 1160 ιἰι
852 1132 1016 1171 Ept'stolam
1026 1132 1153 1161 loannis
1169 1132 1372 1168 Chrysostomi
1384 1132 1426 1160 ad
1434 1134 1581 1170 episcopos

87 1195 115 1218 et
128 1189 211 1227 presb
208 1194 311 1225 yteros
326 1187 360 1214 ob
371 1188 509 1224 pietatem
520 1187 551 1214 in
565 1195 680 1214 carcere
692 1185 829 1214 inclusos.

87 1316 143 1344 Cur
154 1315 276 1344 ordinem
291 1313 473 1354 Epistolarum
486 1311 609 1351 qualisin
625 1312 729 1341 duabus
739 1311 846 1341 Morelli
856 1311 1026 1340 Editionibus
1038 1323 1052 1340 a
1065 1312 1198 1341 Frontone
1207 1312 1306 1340 Duraeo
1325 1316 1439 1339 statutus
1453 1309 1513 1345 suit,
1528 1320 1584 1337 ser-

47 1361 210 1398 vaverimus,
225 1361 293 1389 insi-a
309 1360 336 1388 in
351 1359 455 1388 Monito
471 1359 498 1387 iu
514 1359 649 1398 Epistolas
663 1359 698 1386 ad
710 1357 913 1397 Olympiadem,
927 1364 952 1385 et
967 1357 992 1385 in
1005 1358 1121 1396 reliquas
1132 1357 1317 1396 Chrysostomi
1326 1356 1450 1395 epistolas
1460 1354 1585 1394 pluribus

47 1407 223 1436 declaramus.
239 1408 301 1436 Jam
310 1405 421 1444 quaestio
437 1411 475 1433 est
487 1404 520 1432 de
531 1404 636 1432 duabus
651 1403 836 1443 Chrysostomi
853 1402 886 1430 ad
903 1403 1086 1431 lnuoeentium
1102 1413 1199 1441 papam
1219 1402 1349 1440 epistolis,
1365 1400 1451 1438 deque
1473 1400 1584 1438 epistola

48 1451 193 1481 Innocentii
210 1451 245 1480 ad
257 1452 387 1481 Joannem
402 1450 636 1489 chrysostomum,
654 1459 755 1477 necnon
770 1448 804 1476 de
819 1448 900 1476 altera
916 1448 1061 1476 Innocentii
1077 1448 1110 1475 ad
1121 1448 1223 1475 clerum
1243 1453 1268 1475 et
1288 1446 1417 1486 populum
1433 1445 1585 1474 Constanti-

48 1498 243 1537 nopolitanum;
255 1496 354 1534 quibus
365 1495 467 1524 accedit
474 1495 525 1523 alia
541 1495 652 1523 Honorii
663 1493 834 1533 Imperatoris
842 1493 875 1521 ad
887 1493 1031 1521 Arcadium
1044 1493 1161 1527 fratrem,
1173 1493 1308 1530 alteraque
1324 1492 1387 1520 item
1400 1491 1584 1530 Chrysostomi

46 1542 83 1571 ad
96 1543 234 1582 episcopos
253 1549 278 1570 et
295 1541 462 1580 presbyteros
478 1540 512 1568 ob
528 1540 653 1579 pietatem
669 1540 696 1568 in
712 1550 815 1568 carcere
830 1539 957 1567 inclusos.
974 1539 1098 1573 Quarum
1110 1538 1286 1577 epistolarum
1302 1537 1363 1565 duae
1384 1537 1485 1576 priores
1507 1544 1584 1564 extra

47 1587 168 1615 ordinem
186 1587 301 1615 aliarum
321 1585 488 1623 sequentium
501 1596 516 1613 a
535 1585 668 1613 Frontone
687 1586 785 1613 Ducaeo
801 1584 893 1623 positae
916 1585 1006 1612 fuere:
1023 1584 1140 1623 epistolae
1162 1594 1226 1612 vero
1250 1582 1398 1611 Innocentii
1413 1581 1447 1610 ad
1462 1582 1586 1621 Chryso-

47 1639 210 1668 stomum‚et
224 1631 257 1660 ad
273 1631 373 1659 clerum
386 1642 400 1658 a
420 1631 564 1659 sozomeno
579 1630 665 1659 allatae
681 1641 750 1658 nunc
767 1630 885 1669 primum
907 1629 1025 1668 epistolis
1042 1629 1228 1668 Chrysostomi
1241 1629 1451 1667 subjunguntur,
1473 1628 1533 1665 quia
1549 1627 1585 1655 ad

47 1678 169 1707 eamdem
185 1678 352 1717 negotiorum
361 1677 456 1705 seriem
469 1676 615 1715 pertinent3
625 1675 851 1714 quemadmodum
866 1682 890 1703 et
899 1675 1009 1713 epistola
1023 1674 1133 1702 llonorii
1149 1673 1184 1702 ad
1196 1673 1341 1701 Arcadium
1355 1685 1361 1700 τ
1374 1684 1432 1710 quae
1445 1680 1532 1701 autem
1543 1672 1584 1700 his

49 1724 220 1764 subjungitur
241 1722 353 1762 epistola
370 1722 405 1750 ad
425 1722 562 1761 episcopos
578 1729 603 1750 et
622 1722 792 1761 presbyteros
813 1721 847 1749 ob
863 1720 986 1759 pietatem
1005 1720 1032 1748 in
1050 1730 1154 1748 carcere
1169 1719 1295 1755 inclusos,
1313 1730 1327 1746 a
1343 1719 1474 1746 Frontone
1486 1719 1585 1746 Dum-0

48 1776 108 1808 post
120 1769 187 1798 duas
200 1768 385 1808 Chrysostomi
400 1768 435 1796 ad
455 1767 638 1796 Innocentium
655 1766 788 1806 epistolas,
799 1774 873 1795 extra
886 1766 1007 1794 ordinem
1025 1773 1050 1794 et
1070 1776 1212 1793 numerum
1230 1764 1397 1803 sequentium
1412 1764 1586 1803 epistolarum

49 1814 134 1853 posita
148 1815 241 1844 fuerat.
257 1815 296 1842 De
308 1813 422 1851 singulis
439 1820 528 1841 autem
541 1813 614 1840 hisce
629 1812 750 1851 epistolis
768 1812 813 1839 hic
823 1811 1036 1840 commemoratis
1053 1811 1198 1849 agendum.

89 1860 230 1888 Enisa-msa
250 1869 341 1887 PMMA
366 1868 403 1886 AD
420 1859 629 1886 lwuocmrmm
651 1858 753 1886 PAPAM
774 1858 872 1896 scriptu
897 1858 947 1885 fuit
965 1864 1025 1896 post
1045 1856 1156 1892 Pascha,
1177 1862 1320 1893 antequam
1332 1854 1540 1893 Chrysostomus
1558 1854 1584 1881 iu

49 1904 195 1934 secundum
219 1904 347 1932 exsilium
372 1909 502 1942 pergeret,
519 1913 534 1931 a
548 1914 600 1940 quo
615 1913 762 1940 numquam
785 1903 873 1930 redut.
889 1903 977 1936 Quam
997 1901 1125 1939 temporis
1146 1907 1235 1928 notam
1250 1900 1313 1927 hinc
1329 1906 1493 1934 mutuamur,
1513 1898 1585 1936 quod

49 1952 265 1990 Chrysostomus,
282 1956 421 1988 postquam
437 1948 527 1976 omnia
546 1949 686 1985 recensuit,
702 1959 761 1985 qum
782 1948 816 1975 ab
837 1947 953 1975 adventu
971 1946 1116 1984 Theophili
1140 1944 1399 1982 Constantinopolim
1414 1950 1485 1981 gesta
1513 1950 1584 1978 sunt,

46 2003 193 2035 postquam
200 1995 233 2023 de
242 1993 460 2032 Psendosynodo,
474 1993 520 2021 ubi
534 1992 590 2031 ipse
602 1992 741 2031 depositus
756 1993 852 2029 suerat,
872 1992 935 2029 egit,
949 1998 973 2019 et
986 2001 1012 2018 se
1025 1990 1182 2018 destitutum
1197 1989 1403 2026 restitutumque
1417 1988 1496 2016 fuisse
1508 1999 1584 2016 com—

49 2041 216 2076 memoravit,
233 2039 382 2077 deindeque
396 2039 493 2066 iterum
507 2039 671 2076 exagitatum
686 2045 711 2065 et
731 2045 893 2070 accusatum,
909 2043 934 2064 et
955 2046 989 2064 ex
1012 2035 1120 2063 ccclesia
1137 2034 1262 2073 pulsum;
1280 2040 1420 2072 postquam
1442 2033 1586 2062 violentam

49 2086 226 2126 irruptionem
237 2085 263 2112 in
275 2084 412 2112 ecclesiam
431 2090 456 2111 et
471 2083 497 2111 in
512 2083 699 2122 baptisterium
719 2083 816 2110 saetam
833 2082 967 2110 enarravit
988 2092 993 2107 :
1008 2080 1053 2108 hic
1068 2079 1180 2118 gradum
1196 2079 1274 2115 sistit,
1293 2090 1340 2107 nec
1363 2090 1392 2107 ea
1415 2090 1474 2117 quae
1496 2086 1586 2118 postea

51 2139 123 2170 gesta
150 2137 212 2159 sunt
236 2137 260 2158 et
277 2129 385 2167 quidem
398 2128 562 2157 atrocissima
580 2135 779 2156 commemorat.
797 2128 866 2155 Cum
885 2134 986 2160 autem,
1007 2132 1035 2153 ut
1050 2125 1173 2153 observat
1191 2124 1322 2153 Baronius
1343 2124 1377 2152 ad
1399 2135 1498 2152 annum
1517 2125 1586 2159 404,

51 2189 65 2204 (ι
77 2183 184 2205 cunctas
196 2186 237 2204 res
249 2182 334 2213 gestas
348 2173 441 2202 ordine
454 2173 580 2212 temporis
592 2173 735 2212 dispositas
747 2179 847 2207 narrat,
865 2172 1062 2209 orationemque
1072 2170 1107 2198 ad
1123 2181 1151 2198 ea
1171 2179 1229 2208 quae
1241 2170 1268 2197 in
1286 2180 1383 2208 magno
1401 2170 1511 2198 sabbato
1529 2176 1586 2198 acta

51 2228 112 2250 sunt
126 2220 259 2260 perducit,
272 2219 318 2247 sed
328 2219 362 2247 de
376 2218 436 2246 aliis
448 2229 506 2256 quze
518 2225 608 2257 postea
625 2218 784 2256 gravissima
804 2217 981 2255 contigerunt,
1000 2227 1032 2244 ne
1048 2215 1195 2253 quidquam
1217 2215 1315 2243 scribat
1333 2226 1339 2241 :
1360 2215 1437 2254 plane
1457 2215 1586 2249 declarat,

50 2277 81 2295 co
95 2273 212 2305 tempore
221 2265 295 2293 illam
308 2275 336 2292 se
344 2263 450 2292 dedisse
464 2263 613 2302 epistolam,
622 2274 674 2301 quo
686 2263 858 2301 contigerunt
868 2273 907 2297 ea,
923 2273 980 2300 quae
993 2262 1136 2290 novissime
1147 2261 1173 2289 in
1184 2261 1241 2299 ipsa
1258 2260 1342 2288 literis
1351 2260 1558 2288 commendavit.
1572 2272 1586 2286 n

52 2312 114 2340 Post
134 2311 234 2340 Pascha
249 2311 333 2348 igitur
349 2309 410 2337 anni
427 2310 486 2336 404
501 2309 569 2337 hanc
585 2309 724 2348 epistolam
742 2308 852 2347 scripsit
873 2319 878 2334 :
900 2318 961 2335 nam
980 2308 1035 2335 wi
1049 2307 1148 2334 illm-it
1163 2307 1234 2340 dies,
1250 2305 1339 2343 inquit
1356 2306 1382 2333 in
1409 2306 1458 2333 hac
1472 2306 1585 2344 epistola

52 2357 270 2396 Chrysostomus,
290 2356 383 2383 omnis
397 2356 502 2382 civitas
514 2361 599 2382 extra
611 2364 706 2382 muros
719 2356 770 2382 sub
786 2355 913 2388 arbores,
927 2359 954 2381 et
969 2354 1001 2381 in
1019 2362 1138 2381 nemora
1155 2352 1319 2390 emigravit,
1337 2353 1377 2379 ibi
1386 2352 1495 2390 festum
1507 2352 1584 2379 diem

51 2403 212 2435 celebrans,
231 2402 316 2440 quasi
328 2410 394 2428 oves
414 2401 560 2438 dispersae.

92 2446 241 2475 Recensitis
257 2446 339 2484 igitur
353 2445 397 2480 iis,
409 2455 468 2483 quae
484 2451 574 2473 contra
594 2454 705 2472 canones
720 2449 793 2482 gesta
818 2450 889 2480 sunt,
902 2443 1087 2471 Innocentium
1108 2441 1240 2477 obsecrat,
1254 2448 1285 2469 ut
1308 2442 1364 2469 sibi
1382 2441 1546 2476 condoleat,
1563 2447 1590 2468 et

57 2492 132 2520 nihil
140 2502 198 2519 non
211 2497 281 2530 agat
293 2497 324 2519 ut
339 2491 386 2519 hic
396 2489 622 2528 malorumfinis
637 2491 684 2517 sic.
697 2489 800 2528 Saepius
814 2496 903 2517 autem
918 2488 1103 2517 Innocentium
1115 2487 1201 2516 solum
1214 2486 1374 2524 alloquitur3
1389 2495 1591 2522 nonnumquam

58 2542 144 2565 tamen
158 2536 294 2576 episoopos
307 2536 334 2564 in
345 2535 454 2574 plurali,
469 2534 541 2573 quod
555 2535 633 2564 sciret
646 2533 830 2563 Innocentium
843 2535 912 2563 hanc
926 2534 1066 2573 epistolam
1085 2532 1180 2563 vicinis
1196 2531 1325 2571 episcopis
1335 2538 1500 2560 ostensurum
1528 2540 1591 2558 esse.
