1843 2810
78 1757 181 1778 =.T71ess.
193 1757 217 1779 3.

80 1794 99 1809 1.

206 165 277 200 662
527 176 555 198 s.

207 248 270 267 nam
285 247 347 266 cum
360 236 510 273 caritatem,
519 236 652 264 bonorum
664 234 785 264 omnium
796 240 923 268 matrem,

208 285 236 313 in
249 295 290 312 me
316 289 459 312 scatentem
473 282 586 311 habeam
596 305 604 317 ,
628 282 685 309 haec
699 280 816 319 requiro.
834 280 925 316 Neque

208 329 367 369 simpliciter
375 339 529 368 corpoream
537 325 809 368 praesentiamexpetit
816 348 823 361 ‚
831 335 925 353 verum

208 387 300 405 eorum
308 377 403 404 famem
412 374 506 403 intueri
519 373 607 413 gestit.
621 372 834 400 Abundantius
841 370 926 406 enim,

209 422 308 461 inquit,
319 423 527 462 festinavimus
533 420 649 458 faciem
667 424 797 446 ‘vestram
818 416 926 444 videre.

209 469 389 507 Conspectum
404 466 487 505 igitur
504 463 624 503 expeti5‚
639 463 705 491 heus
720 469 760 499 tu,
783 462 928 499 vultusque

212 513 348 553 spectandi
370 512 516 552 cupiditate
529 509 647 548 flagras?
665 510 699 538 Et
722 508 833 546 quidem
848 508 928 537 vehe-

211 567 334 597 menter,
347 558 433 596 inquit
444 569 449 584 :
461 556 535 595 quod
545 556 601 584 illic
614 565 740 584 sensuum
753 554 929 582 instrumenta

212 605 323 633 collecta
346 604 407 632 sint.
426 602 523 631 Nudus
543 602 613 630 enim
636 601 742 629 animus
761 610 807 639 per
824 610 850 628 se
869 610 930 627 cum

212 651 296 680 altero
315 649 404 677 animo
417 648 589 687 conjunctus,
604 657 651 675 nec
662 646 767 683 dicere,
780 656 828 674 nec
839 645 932 674 audire

212 697 361 736 quidquam
375 694 472 735 poterit
485 706 490 721 ε
505 700 532 722 at
543 693 565 722 si
576 693 643 721 mihi
655 703 779 732 corporea
791 691 931 731 praesentia

213 743 266 771 sini
281 742 430 780 contingat,
458 747 483 769 et
496 739 600 778 aliquid
617 739 673 778 ipse
687 738 775 767 dicam
787 761 795 772 ‚
812 744 837 766 et
850 738 885 766 ab
901 737 934 765 iis

218 800 285 827 quos
307 799 367 816 amo
390 786 509 817 vicissim
531 785 651 814 audiam.
674 785 816 824 Propterea
840 783 935 812 facicm

220 844 338 866 vestram
355 835 452 865 intueri
474 845 557 872 aveo,
573 834 599 863 in
618 844 670 872 qua
690 833 780 870 lingua
795 839 852 866 est,
878 842 936 870 quae

215 894 310 912 vocem
320 882 432 917 emittit,
443 881 579 919 animique
588 890 663 908 sensa
671 879 810 913 enuntiat,
823 885 848 906 et
863 878 936 906 auris

214 940 272 967 quae
282 929 363 957 verba
373 927 474 966 excipit
483 949 490 963 ,
504 933 529 954 et
539 925 609 954 oculi
618 926 663 963 qui
674 924 758 952 animi
771 931 859 952 motus
877 923 937 962 pin-

215 981 281 1013 gunt
296 985 302 1001 z
320 973 417 1002 etenim
432 972 561 1001 adamatae
580 971 675 999 animae
691 969 823 999 consortio
843 969 937 997 melius

216 1031 263 1059 per
277 1020 323 1048 illa
335 1019 387 1047 frui
401 1019 472 1047 licet.

256 1067 303 1094 15.
319 1067 404 1103 Atque
417 1071 446 1092 ut
468 1063 601 1101 intelligas
623 1067 755 1100 quantum
773 1060 856 1099 hujus
871 1070 935 1088 con-

217 1118 326 1151 spectus
347 1110 495 1149 cupiditate
513 1108 623 1144 ardeat,
648 1113 820 1146 posteaquam
843 1105 934 1139 dixit,

218 1156 642 1195 Abundan[iussestinavimus
650 1176 658 1187 ,
668 1152 718 1181 hac
729 1152 846 1180 dictione
859 1151 936 1181 mini-

217 1215 259 1232 me
272 1209 409 1232 contentus
421 1201 471 1229 fuit
481 1223 489 1235 ,
504 1210 600 1229 verum
618 1198 777 1238 subjungit,
790 1200 826 1226 In
844 1198 936 1226 multo

217 1250 368 1278 desiderio.
382 1250 418 1275 Ac
426 1257 489 1275 mox
497 1246 597 1275 cacteris
604 1255 659 1273 sese
669 1244 815 1272 admiscere
821 1254 872 1272 non
880 1254 937 1271 sus-

217 1296 304 1324 tinens
314 1318 321 1331 ,
338 1305 431 1323 verum
449 1292 588 1321 ostendens
603 1302 630 1320 se
646 1290 706 1319 aliis
722 1290 809 1319 acrius
829 1300 934 1327 amare,

218 1349 361 1382 postquam
384 1341 429 1369 his
452 1339 541 1369 verbis
564 1349 628 1367 usus
649 1345 705 1373 est,
724 1337 937 1365 Abundantius

216 1389 423 1427 festinavimus
439 1396 474 1414 ac
490 1387 652 1424 cupivimus
667 1385 768 1412 venire
782 1383 822 1410 ad
838 1393 902 1417 vos,
923 1393 937 1410 a

220 1433 331 1470 reliquis
351 1432 469 1471 seipsum
490 1430 656 1469 segregavit,
674 1429 814 1466 solumque
839 1439 866 1456 sc
883 1435 937 1456 sta-

221 1486 297 1507 tuens
309 1478 397 1513 dixit,
413 1479 476 1516 Ego
491 1477 607 1515 quidem
618 1475 732 1504 Paulus
744 1474 833 1503 semel
847 1481 873 1503 et
889 1476 939 1503 ite-

222 1536 285 1554 rum
297 1536 304 1551 ι
319 1524 382 1552 hinc
394 1523 520 1552 videlicet
529 1521 669 1550 ostendens
683 1532 710 1549 se
727 1520 939 1555 vehementiore,

222 1582 302 1610 quam
328 1571 408 1605 alios,
433 1568 521 1598 studio
538 1568 565 1596 in
586 1567 614 1596 id
637 1566 799 1595 incubuisse.
830 1568 938 1601 Postea,

222 1617 347 1656 quoniam
379 1615 406 1644 id
437 1615 548 1643 minime
578 1620 734 1652 assequutus
761 1619 815 1649 est,
850 1611 934 1640 literis

223 1674 276 1692 non
291 1669 427 1691 contentus
437 1684 444 1697 ‚
462 1660 564 1689 socium
579 1670 657 1687 suum
680 1658 854 1687 Timotheum
865 1680 872 1691 ‚
896 1657 942 1695 qui

225 1709 364 1737 literarum
386 1707 469 1736 instar
496 1706 547 1746 ipsi
567 1705 675 1733 futurus
699 1711 781 1741 esset,
800 1703 835 1732 ad
858 1710 944 1732 extre-

227 1766 302 1784 mum
326 1754 424 1790 mium
448 1759 557 1793 propter
577 1751 650 1790 quod
672 1750 784 1790 adjecit,
801 1751 871 1778 Ideo
887 1760 945 1777 non

227 1805 307 1834 ultra
323 1805 504 1833 sustinentes.
529 1802 552 1829 Ο
574 1800 699 1828 dictionis
721 1799 887 1827 nobilitatem
915 1808 946 1826 ac

226 1851 281 1879 vim
292 1873 299 1885 ,
316 1849 400 1889 ipsius
415 1848 565 1883 caritatem,
578 1857 637 1884 quae
651 1845 727 1874 nullo
748 1846 822 1873 freno
833 1842 946 1873 coerceri

584 174 722 197 JOANMS

225 1908 256 1926 ac
271 1896 377 1925 tolerari
404 1901 508 1935 posset,
530 1891 797 1922 commonstrantem!
823 1891 859 1920 Et
879 1892 948 1920 sieut

226 1954 287 1972 cum
297 1943 357 1981 quis
369 1941 438 1979 ignis
448 1940 542 1968 ardore
550 1939 701 1977 deflagrans
709 1961 716 1975 ‚
730 1945 810 1976 atque
831 1937 948 1966 incendii

225 1990 350 2019 solatium
365 1987 474 2026 aliquod
489 1985 608 2015 invenire
628 1984 753 2022 studens,
774 1984 880 2012 nullum
896 1995 947 2012 non

226 2035 344 2075 lapidem
360 2040 448 2063 movet
462 2045 467 2061 z
483 2032 575 2061 eodem
590 2031 671 2060 modo
687 2031 731 2059 hie
752 2040 871 2069 quoque,
887 2040 947 2059 cum

227 2081 420 2116 incenderetur,
430 2079 628 2119 praefocaretur,
644 2077 864 2111 inflammaretur,
871 2083 949 2116 prout

228 2127 324 2155 licebat
338 2133 363 2154 et
374 2126 431 2154 fieri
453 2131 573 2165 poterat,
591 2122 798 2153 consolationem
813 2122 949 2161 excogita-

229 2173 277 2201 vit.
295 2173 362 2200 Non
372 2171 443 2199 enim
450 2173 515 2211 jam
527 2172 703 2199 sustinentes
717 2191 723 2204 ,
740 2168 829 2206 inquit
842 2191 849 2203 ‚
871 2170 949 2197 misi-

230 2228 293 2246 mus
318 2218 497 2245 Timotheum
510 2238 519 2251 ,
537 2215 681 2254 evangelii
696 2216 877 2248 ministrum,
901 2224 949 2242 so-

229 2266 306 2292 cium
320 2270 347 2292 et
362 2263 526 2301 adjutorem
543 2267 682 2294 nostrum,
699 2270 730 2288 ac
745 2259 898 2287 membrum
920 2258 946 2287 in

229 2309 324 2349 primis
338 2307 515 2337 necessarium
527 2317 540 2334 a
553 2313 642 2334 nostro
663 2312 731 2334 coetu
747 2305 902 2340 avellentes,
919 2314 950 2334 ac

227 2363 369 2382 moerorem
387 2361 500 2380 moerore
522 2356 722 2378 commutantes.
740 2350 809 2377 Nam
830 2348 901 2387 quod
916 2360 948 2377 ne

229 2399 314 2438 ipsius
344 2397 453 2436 quidem
474 2395 621 2424 absentiam
636 2395 713 2423 facile
736 2395 832 2430 ferret,
852 2405 947 2423 verum

749 171 929 196 CHRYSOST.
960 170 1115 192 ARCtllEP.
1145 170 1412 192 CONS'I'ANJ'LN'OP.

980 232 1067 270 ψυχῆς
1082 232 1337 271 διαζωγραφοῖέντες’
1367 232 1411 260 καὶ
1437 230 1487 269 γὰρ
1515 232 1560 264 τῆς
1586 230 1746 268 ποθουμένης

981 276 1126 316 ψυχῆς·διὰ
1141 278 1238 306 τούτων
1261 277 1445 316 ἀκριῧέστερον
1465 279 1511 310 τῆς
1526 276 1661 308 συνουσίας
1679 276 1747 304 ἐστὶν

984 325 1142 352 ἀπολαῦσαι.

1034 1061 1085 1090 Καὶ
1098 1061 1140 1089 ἵνα
1157 1059 1241 1099 μάθῃς
1253 1061 1308 1092 πῶς
1321 1059 1453 1088 ἐκκαίεται
1471 1060 1506 1092 εἷς
1520 1059 1566 1094 τὴν
1578 1060 1686 1099 θεωρίαν
1697 1061 1759 1089 ταύ-

993 1119 1057 1142 την,
1079 1106 1169 1143 εἰπὼν,
1183 1105 1381 1146 Περισσοτέρως
1392 1105 1602 1144 ἐσπουδάσαμεν,
1617 1108 1663 1135 οὐκ
1684 1105 1760 1145 ἠρκέ-

993 1155 1041 1188 σθη
1056 1154 1089 1191 τῇ
1106 1152 1173 1186 λε’Ξει
1186 1152 1269 1190 ταύτῃ
1279 1174 1285 1186 ,
1299 1152 1356 1180 ἀλλ’
1372 1151 1513 1190 ἐπήγαγεν,
1529 1151 1592 1181 ΙΊἜν
1604 1153 1687 1191 πολλῇ
1704 1154 1761 1181 ἐπι-

993 1199 1084 1239 θυμίᾳ.
1101 1195 1168 1228 Εἶτα
1187 1200 1232 1228 οὐκ
1256 1198 1410 1237 ἀνεχόμενος
1426 1198 1517 1226 ἑαυτὸν
1529 1197 1595 1236 μετὰ
1608 1201 1659 1226 τῶν
1676 1199 1760 1227 ἄλλων

993 1245 1182 1284 ἔγκαταμίξαι,
1208 1244 1276 1273 ἀλλὰ
1304 1243 1402 1276 δεικνὺς
1412 1266 1419 1279 ,
1447 1244 1486 1272 ὅτι
1516 1243 1684 1283 σφοδρότερον
1710 1246 1761 1273 τῶν

994 1291 1079 1319 ἄλλων
1092 1292 1173 1330 φιλεῖ,
1187 1290 1275 1325 εἰπὼν,
1290 1289 1330 1318 ὅτι
1345 1289 1542 1327 Περισσοτέρως
1554 1290 1762 1327 ἐσπουδάσαμεν,

995 1337 1039 1366 καὶ
1051 1337 1217 1374 ἠθελήσαμεν
1232 1337 1314 1364 ἐλθεῖν
1330 1335 1393 1373 πρὸς
1415 1337 1496 1373 ὑμᾶς,
1512 1335 1655 1374 ἀπέῤῥηξεν
1673 1335 1763 1363 ἑαυτὸν

959 1388 976 1410 B
995 1386 1046 1412 τῶν
1057 1384 1155 1411 λοιπῶν
1164 1405 1170 1417 ,
1183 1381 1227 1410 καὶ
1247 1381 1324 1419 μόνον
1338 1379 1449 1415 στήσας,
1465 1380 1595 1418 ἐπήγαγεν
1604 1392 1609 1397 ·
1623 1380 1694 1418 Ἔγὼ
1716 1381 1763 1418 μὲν

996 1430 1099 1460 Παῦλος
1115 1428 1159 1456 καὶ
1175 1426 1244 1460 ἅπαξ
1259 1427 1304 1455 καὶ
1320 1426 1373 1462 δὶς,
1390 1425 1488 1459 δεικνὺς
1503 1426 1543 1454 ὅτι
1557 1426 1635 1455 πλέον
1653 1429 1704 1455 τῶν
1719 1427 1765 1455 ἄλ·

995 1476 1048 1503 λων
1061 1473 1227 1506 ἐσπούδαζεν.
1256 1468 1322 1501 Εἶτα
1346 1471 1435 1506 ἐπειδὴ
1457 1473 1504 1500 οὐκ
1529 1471 1637 1510 ἐπέτυχε
1660 1472 1749 1501 τούτου
1758 1494 1765 1506 ,

996 1522 1043 1549 οὐκ
1058 1521 1177 1558 ἀρκεῖται
1198 1523 1250 1550 τοῖς
1271 1518 1441 1556 γράμμασιν,
1457 1517 1524 1546 ἀλλὰ
1536 1517 1636 1554 πέμπει
1664 1517 1712 1546 ι’τὸ
1726 1530 1767 1547 κε·

998 1566 1119 1605 φάλαιον,
1131 1565 1174 1593 τὸν
1186 1564 1232 1592 σὺν
1244 1566 1314 1602 αὐτῷ
1326 1563 1464 1601 Τιμόθεον,
1477 1564 1520 1592 τὸν
1532 1563 1589 1591 ἀντὶ
1604 1563 1767 1603 γραμμάτων

999 1612 1120 1650 ἐσόμενον
1142 1612 1228 1651 αὐτῷ·
1253 1610 1291 1638 διὸ
1309 1610 1354 1638 καὶ
1382 1609 1474 1648 ἐπάγει
1494 1610 1592 1648 λέγων·
1612 1610 1659 1638 Διὸ
1673 1610 1768 1648 μηκέτι

1000 1658 1143 1696 στέγοντες.
1155 1655 1192 1685 Ὡ
1212 1657 1290 1685 πάλιν
1306 1655 1399 1689 λέξεως
1421 1655 1548 1693 εὐγένεια·
1566 1655 1587 1683 ὦ
1603 1655 1702 1695 ῥῆσεως
1726 1656 1767 1684 δύ-

1001 1716 1078 1742 ναμις
1088 1727 1095 1738 ,
1106 1703 1153 1738 τὴν
1166 1703 1309 1731 ἀκάθεκτον
1323 1703 1401 1730 αὐτοῦ
1414 1702 1459 1730 καὶ
1471 1701 1649 1740 ἀκαρτέρητον
1665 1701 1768 1740 ἀγάπην

1008 1751 1135 1784 δηλοῦσα.
1152 1752 1161 1764 ⁶
1172 1748 1224 1777 Καὶ
1231 1750 1265 1780 ὡς
1281 1748 1312 1776 ἄν
1327 1759 1365 1779 τις
1382 1747 1586 1786 ἐμπυριζόμενος
1597 1770 1603 1782 ,
1626 1747 1670 1776 καὶ
1684 1749 1768 1782 ζητῶν

1001 1798 1045 1824 τοῦ
1059 1797 1224 1834 ἐμπυρισμοῦ
1237 1792 1406 1832 παραμυθίαν
1417 1791 1477 1820 τινὰ
1490 1792 1677 1831 εὑρεῖν,πάντα
1689 1797 1768 1821 κινεῖ·

965 1846 983 1869 C
1003 1840 1068 1869 οὕτω
1083 1839 1114 1874 δὴ
1139 1842 1211 1871 οὗτος
1236 1838 1414 1875 ἀναπτόμενος
1425 1860 1432 1872 ,
1450 1837 1606 1876 ἀγχόμενος,
1620 1838 1770 1876 καιόμενος,

1004 1886 1071 1915 κατὰ
1085 1886 1114 1915 τὸ
1129 1888 1260 1925 ἐγχωροῦν
1272 1885 1318 1920 τὴν
1331 1884 1442 1918 δυνατὴν
1455 1883 1579 1919 ἐπενόησε
1592 1885 1769 1924 παραμυθίαν.

1005 1933 1109 1967 Μηκέτι
1131 1932 1182 1972 γὰρ
1197 1932 1345 1967 στέγοντες,
1363 1930 1454 1969 φησὶν,
1472 1929 1596 1968 ἑπέμψαμ
1641 1930 1770 1968 Τιμόθεον

1005 1980 1047 2009 τὸν
1067 1980 1185 2009 διάκονον
1201 1982 1245 2007 τοῦ
1261 1977 1426 2016 εὐαγγελίου,
1443 1976 1488 2005 καὶ
1507 1977 1627 2015 συνεργὸν
1639 1978 1729 2015 ἡμῶν,
1743 1977 1772 2005 τὸ

1005 2026 1210 2065 ἀναγκαιότατον
1227 2025 1303 2063 μέλος
1323 2023 1512 2056 διασπάσαντες
1531 2024 1607 2060 ἡμῶν
1623 2024 1669 2057 τ’ἥς
1684 2034 1771 2052 συνου·

1005 2073 1075 2106 σίας,
1092 2072 1137 2101 καὶ
1154 2071 1239 2105 λύπην
1252 2070 1426 2108 ἀλλαξάμενοι
1443 2069 1536 2104 λύπης.
1551 2068 1616 2097 εὈτι
1640 2068 1690 2107 γὰρ
1714 2067 1771 2097 οὐδὲ

1005 2118 1103 2148 ἐκείνου
1119 2117 1246 2146 ἀπουσίαν
1262 2116 1375 2149 εὐκόλως
1398 2116 1498 2155 ἔφερεν,
1515 2114 1583 2143 ἀλλὰ
1604 2114 1647 2142 διὰ
1670 2113 1772 2145 τούτους

1005 2164 1087 2193 εἵλετο
1099 2164 1127 2192 τὸ
1145 2162 1288 2203 βαρύτατον
1305 2166 1393 2197 τοῦτο,
1408 2161 1452 2189 καὶ
1468 2163 1542 2189 τοῦτο
1564 2159 1625 2188 αὖτὸ
1643 2159 1772 2194 ἐδήλωσεν

1006 2209 1096 2242 εἰπὼν,
1112 2208 1300 2245 ΙΙῦδοκήσαμεν
1319 2207 1525 2245 καταλειφθῆναι
1539 2204 1621 2242 μόνοι.
1634 2203 1670 2232 Ὦ
1686 2206 1773 2243 ψυχῆς

1006 2254 1073 2293 μετὰ
1096 2253 1228 2293 ἀκριῧείας
1241 2253 1304 2292 πρὸς
1322 2251 1402 2287 αὐτὴν
1420 2250 1576 2285 ποιωθείσης
1596 2249 1643 2284 τὴν
1658 2249 1771 2287 ἀγάπην.

966 2304 985 2326 Ι)
1005 2300 1114 2335 Ἐπειδὴ
1139 2299 1189 2338 γὰρ
1209 2299 1319 2337 ἀδελφοῦ
1342 2296 1477 2341 ἐχωρίσθη
1504 2295 1575 2330 ἑνὸς,
1605 2295 1772 2333 μεμονῶσθαί

1004 2359 1084 2386 φησι,
1102 2346 1242 2374 καὶταῦτα
1255 2343 1391 2376 τοσούτους
1405 2342 1471 2381 ἔχων
1487 2343 1542 2379 μεθ’
1560 2343 1661 2369 ἑαυτοῦ.
1677 2341 1770 2369 Ταῦτα

1003 2393 1035 2428 δὴ
1047 2394 1162 2432 συνεχῶς
1178 2391 1274 2430 μελέτα
1288 2390 1332 2418 καὶ
1347 2388 1411 2423 αὐτὴ
1420 2411 1427 2424 ,
1441 2387 1486 2416 καὶ
1501 2387 1554 2426 ὅσῳ
1566 2398 1606 2416 σοι
1620 2386 1649 2415 τὸ
1661 2392 1771 2426 πρᾶγμα

263 2493 272 2504 n
286 2486 315 2508 In
328 2484 416 2508 Graeco
435 2481 497 2506 Novi
510 2479 664 2505 Testamenti
683 2484 751 2503 textu
770 2478 858 2510 legitur
875 2482 897 2504 ἐν
915 2481 988 2511 πολλῇ
1018 2480 1091 2510 πολλῇ
1104 2480 1197 2508 ἀθυμίᾳ.

230 2529 344 2556 instantor.
360 2529 433 2554 atque
445 2521 478 2545 ita
491 2520 550 2553 legit
562 2518 655 2545 Biltius.
666 2524 693 2542 ut
703 2518 788 2550 liquet,
802 2523 825 2541 et
836 2517 870 2542 sic
880 2517 988 2540 habebat

229 2563 315 2588 Codex
339 2560 501 2587 Porroninnus
524 2565 583 2584 teste
605 2559 733 2582 Frontone
755 2558 854 2581 Damno.
879 2556 946 2581 Edit.
972 2561 992 2581 ἑ)

1051 2517 1062 2534 ¹¹
1075 2514 1178 2540 Coislin.
1192 2519 1217 2540 τὸ
1230 2516 1348 2547 κεφάλαιον
1362 2519 1402 2537 τῶν
1413 2514 1449 2536 σὺν
1462 2514 1530 2543 αὐτῷ,
1541 2518 1591 2534 non
1605 2509 1677 2533 male.

1051 2563 1060 2573 c
1071 2554 1118 2579 Alil
1132 2558 1306 2587 ἐμπνριζὸμενος
1316 2556 1343 2580 ὡς
1355 2556 1381 2576 ἀν
1391 2562 1423 2579 τις
1435 2556 1556 2582 καιόμενος,
1571 2553 1606 2574 καὶ
1617 2554 1697 2580 ζητῶν,
