1843 2810
64 1175 146 1201 Scripta
163 1174 194 1194 Cu
202 1186 209 1190 -

64 1208 109 1226 rusi
132 1214 188 1227 auno

63 1239 117 1266 [μή.

210 139 279 185 784

208 222 266 244 ram
292 211 432 239 imitantur
440 233 449 249 ‚
464 217 494 238 ut
503 220 563 248 quae
577 209 658 238 simul
671 215 752 247 atque
764 219 818 237 sese
833 214 921 236 osten-

208 261 306 297 derint,
317 260 407 289 statim
414 266 581 299 praetereant.
594 258 829 296 Quemadmodum
838 258 921 296 igitur

208 311 342 347 viatores,
358 310 414 340 sive
428 321 475 349 per
486 317 562 350 prata
578 333 585 346 ‚
607 309 665 339 sive
679 319 726 347 per
741 308 874 336 salebrosa
896 313 922 335 et

536 148 564 170 S.
592 148 731 171 JOANMS

209 361 323 400 abrupta
335 361 392 390 loca
404 361 455 389 iter
465 360 575 396 saciant,
590 370 638 387 nec
650 359 734 386 ullam
747 358 824 387 illine
838 357 920 387 volu-
933 393 956 410 ⁶5

758 147 938 169 CHRYSOST.

969 146 1124 169 ARCfflEP.
1153 147 1420 171 CONSTANTINOP-

976 207 1024 242 τὴν
1041 208 1147 245 ἡδονὴν,
1167 208 1225 237 οὗδὲ
1245 211 1342 239 ἐκεῖθεν
1365 210 1522 248 ὑπομένουσι
1541 210 1641 246 λύπην·
1657 213 1740 240 ὁδῖται

976 259 1027 297 γάρ
1053 260 1127 293 εἰσιν,
1149 258 1207 297 οὐχὶ
1233 261 1353 296 πολῖται,
1375 260 1487 300 ἑκάτερα
1513 261 1741 300 παρατρέχοντες,

976 310 1020 338 καὶ
1033 310 1098 350 πρὸς
1108 309 1155 345 τὴν
1171 310 1286 349 πατρίδα
1297 310 1345 346 τὴν
1366 312 1465 340 ἑαυτῶν
1481 312 1642 350 ἐπειγόμενοι
1654 324 1659 330 ·
1675 312 1742 342 οὕτω

958 363 1125 410 1ποιροωιοιλῶ
1145 362 1190 391 καὶ
1204 364 1272 400 ὑμᾶς
1286 363 1352 400 μήτε
1369 364 1434 403 πρὸς
1454 364 1486 393 τὰ
1511 364 1607 403 φαιδρὰ
1626 367 1671 392 τοῦ
1694 377 1744 394 πα-

211 417 312 449 ptatem
323 410 491 450 percipiunt,
519 419 566 437 nec
583 408 668 436 Ullam
687 407 752 436 hinc
768 407 923 435 moestitiam
943 421 960 442 Λ
981 414 1068 452 ρόντος
1084 414 1222 452 κεχηνέναι
1242 414 1314 451 βίου,
1332 414 1399 451 μήτε
1417 415 1467 444 ὑπὸ
1483 418 1534 444 τῶν
1558 417 1681 454 λυπηρῶν
1697 428 1743 444 κα-

211 460 345 497 sentiunt;
359 460 474 489 viatores
489 459 560 487 enim
574 465 635 486 sunt
646 481 654 495 ‚
671 468 722 486 non
739 457 810 486 cives
826 480 834 495 ,
851 464 924 486 utra-

211 522 262 550 que
275 517 460 550 przetereuntes
472 531 480 545 ,
502 515 581 547 atque
594 507 629 536 ad
644 507 759 546 patriam
773 517 848 535 suam
863 517 925 535 con-

213 560 348 589 tendentes
361 572 366 586 :
384 558 476 587 eodem
491 558 571 586 modo
588 565 613 586 te
626 568 690 595 rogo
702 564 781 595 atque
795 557 903 586 obsecro
915 580 923 595 ,

214 618 243 639 ut
260 621 306 639 nec
319 609 454 649 praesentis
469 607 755 648 vitaejucunditatibus
766 607 862 645 inhies,
879 617 926 635 nec

213 673 320 691 rursum
334 661 505 689 molestarum
517 670 607 688 rerum
621 659 738 698 pondere
751 659 925 698 deprimaris,

214 724 307 743 verum
326 713 376 742 hoc
400 722 483 740 unum
505 717 606 749 spectes
616 732 623 744 ,
646 719 761 747 quonam
785 717 863 748 pacto
890 710 925 739 ad

214 775 380 794 communem
399 763 513 803 patriam
528 768 645 790 nostram
660 770 721 788 eum
736 760 836 799 ingenti
849 760 924 789 fidu-

214 817 253 845 cia
265 816 411 856 pervenias.
421 813 647 851 Quandoquidem
657 812 708 840 hoc
719 810 826 839 demum
840 812 927 842 fixum

215 874 239 895 ct
259 874 380 895 constans
391 873 470 905 atque
484 865 635 894 immortale
648 864 749 893 bonum
764 871 818 892 est:
834 870 926 892 coetcra

214 924 304 946 autem
326 917 430 950 omnia,
455 917 504 945 flos
527 915 589 943 soeni
611 921 635 943 et
652 914 758 950 sumus,
778 920 803 941 et
820 913 842 941 si
861 913 926 951 quid

215 969 256 997 his
272 968 353 997 vilius
364 967 429 1006 fingi
444 974 538 1006 potest.

256 1070 331 1097 CVI.
346 1068 552 1107 {Asis-yncritiae
566 1068 712 1105 ipsiusque
725 1066 884 1094 sodalibus.

256 1163 316 1196 Qua
332 1171 392 1199 erga
413 1171 460 1189 nos
474 1160 582 1188 caritate
598 1170 628 1188 ac
644 1158 828 1188 benevolentia
843 1158 901 1186 sitis
917 1179 925 1193 ,

216 1210 281 1239 mihi
296 1211 465 1250 exploratum
476 1216 524 1238 est.
541 1211 578 1238 Ac
589 1209 678 1238 literas
698 1208 808 1246 quidem
821 1207 926 1236 assidue

213 1262 248 1290 ad
266 1272 311 1290 vos
325 1260 389 1289 dare
408 1270 533 1299 cuperem
546 1271 552 1287 :
567 1269 658 1287 verum
668 1259 823 1287 Isaurorum
841 1264 926 1286 metus

212 1312 264 1341 viis
278 1311 401 1340 omnibus
420 1308 569 1338 interclusis
584 1318 635 1337 non
654 1318 695 1336 me
709 1307 826 1336 nancisci
842 1307 923 1341 sinit,

213 1363 257 1402 qui
272 1362 307 1391 ad
322 1372 379 1390 eam
389 1371 444 1389 rem
453 1360 529 1389 nobis
542 1359 727 1388 administram
736 1369 843 1397 operam
854 1369 923 1397 proe-

212 1413 299 1441 beant.
314 1411 424 1446 Quoties
438 1416 527 1438 autem
541 1407 656 1437 nancisci
669 1418 824 1446 possumus,
845 1407 924 1436 debi-

213 1470 267 1491 tam
273 1462 349 1490 vobis
356 1461 542 1490 salutationem
548 1458 689 1498 pendimus
697 1481 705 1495 ,
720 1469 767 1488 vos
775 1469 823 1497 pro
835 1467 925 1488 nostro

213 1524 285 1541 inore
295 1512 474 1546 admonentes,
488 1520 520 1538 ne
532 1509 566 1537 ob
575 1508 681 1536 crebras
689 1508 737 1537 has
748 1515 772 1537 et
786 1509 925 1538 continuas

212 1562 368 1591 tentationes
382 1560 463 1589 animi
482 1559 563 1588 vestri
578 1566 795 1587 commoveantur
812 1570 842 1588 ac
860 1571 923 1599 per-

211 1612 362 1640 turbentur.
382 1611 449 1639 Nam
460 1619 521 1638 cum
535 1615 693 1637 mercatores
714 1615 738 1637 et
762 1616 847 1638 nautae
862 1610 923 1639 cxi-

211 1672 326 1701 guarum
344 1661 473 1690 mercium
489 1669 569 1688 causa
585 1665 639 1687 tam
657 1659 736 1697 longa
754 1660 836 1689 maria
850 1663 920 1701 traji-

211 1712 295 1750 ciant,
306 1722 337 1741 ac
349 1718 387 1740 tot
397 1711 494 1739 ssuctus
502 1708 637 1748 intrepido
650 1709 739 1737 animo
750 1709 855 1746 adeant,
873 1713 925 1741 mi-

211 1760 323 1797 litesque
337 1758 429 1797 exigui
448 1755 574 1796 stipendii
586 1767 664 1785 causa
678 1757 760 1785 vitam
774 1757 859 1797 ipsam
875 1771 924 1799 pro

212 1808 298 1837 nihilo
310 1808 424 1846 ducant,
440 1818 471 1836 ac
481 1806 547 1835 dum
562 1804 631 1832 lucis
645 1800 726 1843 hujus
737 1815 817 1834 usura
828 1806 924 1837 fruun-

213 1864 258 1885 tur
270 1879 278 1893 ,
303 1866 420 1896 persaepe
433 1862 457 1884 et
471 1855 540 1883 fame
556 1852 740 1882 conflictentur
751 1877 758 1890 ‚
779 1860 803 1882 et
820 1856 923 1894 magnis

212 1905 497 1939 itineribusvexentur,
506 1908 687 1941 perpetuoque
699 1900 724 1929 in
734 1902 831 1930 exteris
839 1903 925 1941 regio-

212 1953 293 1981 nibus
309 1952 420 1990 degant,
443 1956 502 1990 post
521 1949 601 1977 etiam
615 1948 721 1976 nullum
733 1948 795 1977 hinc
811 1950 852 1978 vcl
867 1951 926 1979 exi-

213 2011 297 2037 guum
307 1999 350 2029 vel
365 2008 491 2037 magnum
505 1998 619 2025 fructum
640 1998 812 2035 consequuti,
828 2009 924 2038 magna

213 2059 246 2076 ex
261 2056 334 2087 parte
345 2054 531 2088 praematuram
546 2055 577 2073 ac
591 2045 733 2073 violentam
748 2053 858 2075 mortem
871 2058 923 2086 op-

214 2103 321 2135 petant:
337 2107 397 2124 cum
417 2096 519 2124 caeleste
536 2093 679 2134 praemiutn
700 2097 859 2133 proponitur
870 2118 879 2133 ,
894 2107 924 2124 ac

213 2151 273 2184 post
287 2151 399 2172 mortem
410 2143 493 2181 major
502 2142 639 2180 multoque
651 2142 792 2170 sublimior
806 2153 925 2171 remune-

215 2194 381 2231 t·.‘ttio‚(p¹ani
394 2192 499 2220 tandein
509 2191 612 2220 veniam
624 2191 794 2227 obtinebunt,
803 2192 848 2229 qui
858 2194 924 2221 mol-

216 2241 357 2278 liticatque
366 2238 473 2277 ignavia
486 2245 603 2276 torpent,
617 2249 646 2266 ac
658 2249 709 2266 non
722 2238 807 2277 ipsam
820 2251 926 2279 quoquc

218 2290 299 2318 vitam
314 2293 482 2316 contemnunt
506 2296 537 2313 ac
561 2297 608 2323 pro
623 2286 706 2313 nihilo
728 2288 840 2324 putant?
864 2288 926 2317 Hoee

215 2336 395 2375 igituromnia
407 2342 493 2364 tecum
506 2333 690 2369 considerans,
709 2334 830 2373 illudque
846 2336 923 2373 item,

216 2397 255 2415 res
270 2391 409 2425 praesentes
421 2382 510 2411 nihita
524 2381 597 2409 fumo
609 2387 633 2408 et
644 2381 783 2409 insomniis
796 2382 904 2411 differre
918 2408 924 2420 ‚

215 2435 404 2470 florentemque
412 2430 552 2460 hominum
567 2436 664 2457 statum
677 2431 764 2458 vernis
774 2431 854 2467 soliis,
866 2443 924 2469 qua·r

215 2482 295 2511 simul
309 2489 388 2519 utque
403 2480 525 2509 oriuntur
544 2479 632 2508 statim
647 2485 818 2515 marescum,
838 2480 924 2509 nihilo

216 2529 423 2569 praestantiorem
437 2538 491 2557 csse
500 2527 550 2565 ,da
561 2537 678 2565 operam,
688 2533 715 2556 ut
730 2527 854 2556 omnihus
870 2528 920 2557 hu-

979 467 1201 501 ταὲαπτίζεσθαι,
1217 468 1273 495 ἀλλ’
1290 467 1316 495 ἓν
1331 468 1407 505 μόνον
1431 473 1546 504 σκοπεῖν,
1566 468 1636 501 ὅπως
1649 470 1684 501 εἷς
1697 468 1743 503 τὴν

981 518 1068 553 κοινὴν
1083 518 1206 547 ἁπάντων
1218 521 1292 557 ἡμῶν
1308 519 1422 558 πατρίδα
1437 519 1503 557 μετὰ
1517 521 1615 554 πολλῆς
1627 520 1745 558 παραγέ-

982 573 1058 605 νησθε
1073 572 1119 605 τῆς
1132 570 1289 609 παῤῥησίας.
1301 570 1462 609 Ἐπειδήπερ
1479 570 1554 599 τοῦτό
1572 572 1628 599 ἐστι
1650 571 1679 599 τὸ
1701 570 1745 608 μέ-

981 634 1023 650 νον
1046 622 1091 651 καὶ
1111 623 1229 661 πεπηγὸς
1251 623 1295 651 καὶ
1318 622 1444 651 ἀθάνατον
1467 622 1571 661 ἀγαθὸν,
1589 622 1622 650 τὰ
1637 622 1663 651 δὲ
1677 622 1745 651 ἄλλα

982 675 1083 709 πάντα,
1098 675 1173 707 ἄνθος
1187 674 1282 714 χόρτου
1301 675 1345 704 καὶ
1364 675 1478 711 καπνὸς,
1492 674 1537 703 καὶ
1558 675 1580 703 εἴ
1601 686 1628 703 τι
1649 674 1746 703 τούτων

983 727 1167 764 εὐτελέστερον.

1102 1067 1148 1106 ρξ’.
1172 1067 1339 1107 Ἀσυγκριτίᾳ
1355 1069 1399 1097 καὶ
1414 1073 1470 1101 ταῖς
1490 1068 1535 1098 σὺν
1554 1070 1628 1109 αὐτῇ,

1020 1153 1089 1187 Οἶδα
1103 1158 1150 1192 τὴν
1170 1158 1273 1196 ἀγάπην
1291 1159 1364 1196 ὑμῶν
1384 1158 1429 1187 καὶ
1446 1157 1493 1193 τὴν
1511 1157 1623 1187 διάθεσιν
1641 1158 1673 1193 ἣν
1685 1157 1747 1196 περὶ

980 1213 1051 1249 ἡμᾶς
1075 1209 1143 1249 ἔχειν
1167 1210 1353 1239 ἐσπουδάκατε.
1380 1210 1432 1239 Καὶ
1459 1212 1574 1249 συνεχῶς
1601 1209 1746 1248 ἕὸουλόμην

981 1261 1141 1291 ἐπιστέλλειν
1154 1273 1160 1278 ·
1175 1262 1233 1290 ἀλλ’
1248 1263 1261 1289 ὁ
1273 1263 1324 1290 τῶν
1337 1261 1462 1301 Ἰσαῦρων
1475 1261 1552 1300 φόῧος
1561 1285 1568 1297 ,
1579 1266 1666 1290 πᾶσαν
1682 1264 1746 1290 ἀπο·-

980 1313 1098 1352 τειχίσας
1112 1313 1181 1349 ὁδὸν,
1200 1313 1247 1341 οὐκ
1263 1313 1369 1352 ἀφίησιν
1385 1314 1503 1352 εὐπορεῖν
1516 1315 1568 1341 τῶν
1588 1313 1652 1351 πρὸς
1669 1315 1746 1341 τοῦτο

980 1364 1205 1402 διακονησομένων
1229 1368 1302 1402 ἡμῖν.
1326 1364 1420 1393 Ἡνίκα
1446 1367 1505 1403 γοῦν
1527 1364 1557 1392 ἂν
1579 1363 1744 1403 ἐπιτύχωμεν

980 1415 1087 1451 τούτων,
1105 1415 1151 1450 τὴν
1169 1415 1337 1454 ὀφειλομένην
1350 1416 1523 1453 ἀποδιδόαμεν
1542 1418 1602 1453 ὑμῖν
1625 1415 1744 1454 πρόσρη-

980 1479 1030 1502 σιν,
1046 1466 1078 1494 τὰ
1095 1467 1192 1501 συνήθη
1207 1468 1418 1505 παρακαλοῦντες
1431 1469 1514 1504 ὑμᾶς,
1531 1466 1612 1504 μηδὲν
1629 1466 1745 1505 θορυόεῖ-

981 1522 1040 1548 σθαι
1056 1518 1122 1557 μηδὲ
1137 1519 1311 1558 ταράττεσθαι
1329 1519 1380 1548 ὒπὸ
1394 1521 1446 1547 τῶν
1462 1521 1576 1558 συνεχῶν
1592 1518 1688 1547 τούτων
1700 1519 1746 1547 καὶ

981 1572 1137 1606 ἐπαλλήλων
1154 1573 1318 1610 πειρασμῶν.
1334 1572 1367 1600 Ei
1389 1571 1439 1610 γὰρ
1457 1572 1566 1610 ἔμποροι
1588 1570 1633 1599 καὶ
1653 1574 1746 1600 ναῦται

981 1624 1091 1663 φορτίων
1111 1623 1205 1662 ὀλίγων
1220 1623 1304 1652 ἕνεκεν
1326 1623 1393 1652 οὕτω
1414 1623 1503 1663 μακρὰ
1522 1622 1683 1651 &acastum
1698 1634 1746 1651 πε-

980 1675 1067 1713 λάγη,
1096 1674 1141 1703 καὶ
1170 1674 1299 1703 τοσούτων
1327 1675 1515 1712 κατατολμῶσι
1539 1674 1679 1711 κυμάτων·
1700 1673 1746 1701 καὶ

980 1727 1139 1765 στρατιῶται
1161 1725 1187 1754 δὲ
1211 1725 1256 1754 καὶ
1284 1726 1364 1760 αὐτῆς
1388 1728 1577 1764 καταφρονοῦσι
1605 1727 1652 1759 τ’ἧς
1677 1725 1746 1759 ζωῆς

980 1777 1046 1817 ὑπὲρ
1061 1777 1186 1816 ἐπικήρου
1203 1778 1248 1806 καὶ
1264 1776 1375 1817 βραχέος
1394 1777 1504 1814 μισθοῦ,
1521 1776 1565 1803 καὶ
1586 1777 1678 1808 ζῶντες
1697 1775 1745 1813 μὲν

980 1830 1025 1858 καὶ
1044 1831 1114 1867 λιμῷ
1134 1829 1264 1867 μάχονται
1283 1827 1428 1863 πολλάκις,
1449 1826 1493 1855 καὶ
1511 1825 1668 1865 ὁδοιπορίαις
1693 1837 1745 1863 μα-

980 1885 1054 1919 κραῖς
1065 1880 1261 1909 κατατείνονται
1270 1901 1277 1914 ‚
1293 1880 1338 1908 καὶ
1352 1880 1476 1914 διηνεκῶς
1489 1878 1532 1907 ε’πὶ
1547 1879 1595 1912 τῆς
1607 1877 1745 1917 ἀλλοτρίας

981 1931 1121 1971 διάγουσιν,
1141 1931 1248 1971 ὕστερον
1262 1931 1289 1960 δὲ
1307 1931 1353 1960 καὶ
1374 1930 1457 1969 ἄωρον
1479 1930 1524 1958 καὶ
1548 1929 1632 1967 βίαιον
1653 1928 1745 1958 πολλοὶ

979 1981 1077 2010 τούτων
1089 1981 1246 2019 ὑπομένουσι
1258 1982 1377 2016 θάνατον,
1391 1980 1463 2009 οὐδὲν
1476 1980 1590 2008 ἐντεῦθεν
1602 1979 1629 2007 οὔ
1641 1978 1743 2017 μικρὸν,

979 2032 1007 2060 οὐ
1024 2032 1090 2069 μέγα
1105 2031 1309 2070 καρπωσάμενοι
1321 2043 1327 2048 ·
1346 2030 1407 2059 ὅταν
1430 2029 1545 2068 οὐράνιος
1558 2031 1572 2057 ὃ
1587 2024 1663 2060 ἆθλος
1676 2039 1745 2066 προ·

978 2081 1086 2116 κέηται,
1104 2081 1148 2110 καὶ
1168 2081 1234 2119 μετὰ
1249 2080 1296 2115 τὴν
1316 2079 1439 2114 τελευτὴν
1463 2078 1558 2116 μείζων
1578 2080 1595 2113 ἡ
1615 2076 1744 2109 ἀντίδοσις

979 2131 1023 2159 καὶ
1044 2132 1134 2169 πολλῷ
1154 2131 1260 2165 πλείων,
1289 2130 1364 2162 ποίας
1387 2128 1520 2161 τεύξονται
1544 2126 1698 2165 συγγνώμης
1720 2128 1743 2155 οἳ

981 2182 1255 2219 καταμαλακιζόμενοι
1266 2204 1272 2216 ,
1291 2181 1335 2209 καὶ
1347 2181 1383 2218 μὴ
1396 2180 1441 2208 καὶ
1459 2180 1538 2212 αὐτ-’ῆς
1550 2181 1744 2217 καταφρονοῦν-

980 2244 1021 2264 τες
1034 2233 1080 2266 τ’ἧς
1100 2233 1181 2266 ζωῆς,
1195 2232 1276 2260 Ταῦτ’
1291 2226 1332 2259 οἶν
1346 2230 1449 2258 ἅπαντα
1462 2227 1631 2266 λογιζομένη,
1645 2227 1690 2255 καὶ
1704 2226 1743 2255 ὅτι

980 2282 1076 2313 καπνὸς
1094 2282 1127 2309 τὰ
1141 2281 1274 2320 παρόντα,
1296 2279 1339 2308 καὶ
1361 2279 1437 2317 ὄναρ,
1459 2277 1502 2306 καὶ
1526 2281 1598 2306 πᾶσα
1619 2276 1745 2316 εὖημερία

980 2331 1128 2370 ἀνθρωπίνη
1149 2330 1252 2369 φύλλων
1271 2331 1365 2368 ἠρινῶν
1388 2327 1458 2357 οὐδὲν
1476 2328 1580 2365 ἄμεινον
1596 2326 1743 2359 διάκειται,

980 2380 1120 2420 γινομένων
1132 2392 1160 2408 τε
1172 2382 1236 2417 ὁμοῦ
1253 2379 1297 2408 καὶ
1308 2378 1505 2417 μαραινομένων
1521 2376 1628 2411 εὐθέως,
1643 2377 1742 2414 ὑψηλο-

978 2431 1040 2470 τέρα
1051 2430 1154 2458 πάντων
1169 2431 1220 2457 τῶν
1232 2428 1353 2458 τοιούτων
1365 2428 1435 2466 γίνου
1451 2428 1542 2464 βελῶν.
1559 2425 1663 2458 Ἔξεστι
1676 2424 1726 2464 γὰρ
1735 2447 1742 2460 ,

976 2480 1020 2508 ἐὰν
1037 2480 1130 2518 θέλῃς,
1149 2479 1193 2507 καὶ
1209 2479 1255 2513 τὴν
1280 2477 1405 2516 βιωτικὴν
1430 2478 1617 2510 καταπατῆσαι
1641 2470 1739 2513 φαντα-

975 2530 1042 2558 σίαν.
1055 2530 1104 2558 Ἓν
1118 2528 1207 2557 σκόπει
1224 2528 1310 2565 μόνον,
1326 2527 1394 2559 ὅπως
1407 2526 1473 2564 μετὰ
1490 2526 1589 2560 πολλῆς
1605 2526 1650 2560 τῆς
1663 2536 1740 2553 σπου-
