1840 2839
802 174 901 196 livist·
910 176 936 196 u.

904 266 939 283 ms

399 284 462 322 ραζ’.
479 283 610 322 Πολνὸίῳ.
914 295 931 314 A

165 372 255 405 Ἄλλος
268 372 314 410 μὲν
328 373 357 401 ἄν
370 384 407 406 τις
420 374 462 402 τὸν
472 375 600 414 ἀφόρητον
613 375 710 413 κρυμὸν
721 378 764 403 τον
773 376 894 409 ἐνταῦθα,

125 417 173 452 τὴν
193 417 291 452 πολλὴν
311 418 423 456 ἐρημίαν
444 421 489 447 τοῦ
509 419 621 458 χωρίου,
639 420 686 454 τὴν
700 420 892 458 χαλεπιιηάτην

125 463 271 501 οἶῤῥ(ι)στίαν
286 463 347 498 (καὶ
364 463 415 502 γὰρ
434 463 478 491 καὶ
499 464 632 504 ἀρ’ῥωστίᾳ
654 466 768 493 ἐντεῦθεν
784 477 892 504 περιπε-

126 508 287 545 πτιιὸκαμεν)
301 508 458 548 ἀπωδύρατο
480 509 526 543 ἂν,
547 510 592 538 καὶ
614 510 771 549 ἐθρήνησεν·
790 511 842 549 ἐγὼ
866 510 891 539 δὲ

122 556 206 582 ταῦτα
221 553 309 592 ἀφεὶς,
330 554 373 582 τὸν
385 555 535 593 ῧΙχωρισμὸν
558 556 722 594 ἀποδύρομαι
737 556 780 584 τὸν
796 556 891 594 ὑμέτε-

125 610 178 638 ρον,
193 599 206 628 ὃ
219 599 262 628 καὶ
278 599 388 639 ἐρημίας
400 601 445 629 καὶ
461 601 535 629 νόσου
545 602 589 629 καὶ
601 604 729 640 χειμῶνος
742 602 799 639 ἐμοὶ
813 602 891 640 βαρύ-

121 655 206 683 τερον.
225 644 276 673 Καὶ
292 647 336 673 νῦν
352 645 413 673 αὐτὸ
428 646 612 685 χαλεπώτερον
625 646 641 681 ἢ
657 646 782 685 πρότερον
798 646 890 681 ε’ποίη-

122 701 165 718 σεν
187 692 200 718 ὁ
216 689 326 729 χειμών.
343 690 395 719 Καὶ
414 691 464 730 γὰρ
479 692 509 726 ἢν
531 691 611 729 μόνην
631 687 700 730 εἶχον
722 691 890 729 παραμυθίαν

121 737 166 762 τοῦ
179 735 337 773 πικροτάτου
352 736 442 765 τούτου
457 740 609 775 χωρισμοῧ,
621 737 651 765 τὸ
663 736 706 765 διὰ
726 736 890 774 γραμμάτων

121 782 181 817 ὑμῖν
194 782 303 818 ὁμιλεῖν,
316 781 361 810 καὶ
374 781 472 817 ταύτην
484 781 600 810 ἐπελθὼν
613 784 684 819 ἡμᾶς
699 782 831 820 ἀφείλετο,
845 782 892 814 τὰς

119 825 193 858 ὁδοὺς
204 826 362 859 ἀποκλείσας
377 828 409 865 τῇ
425 827 509 865 πολλῇ
526 829 573 862 τῆς
584 827 671 866 χιόνος
684 832 760 866 φορᾷ,
775 827 820 856 καὶ
833 828 891 857 οὔτε

119 869 212 903 ἔξωθεν
226 870 419 910 παραγενέσθαι
439 871 484 900 καὶ
499 872 668 911 συγγενέσθαι
685 875 762 910 ἡμῖν,
778 872 837 901 οὔτε
849 874 891 901 ε’ν-

118 919 204 945 τεῦθεν
219 918 365 951 ἀναστῆναι
375 917 430 945 -καὶ
445 919 619 956 ἀποδημῆσαι
641 918 705 958 πρὸς
726 919 794 956 ὑμᾶς
808 918 890 957 ἀφείς.

119 962 172 992 Καὶ
186 966 229 992 νῦν
249 961 274 991 δὲ
290 964 336 991 οὐκ
350 962 457 992 ἔλαττον
473 965 524 992 τῶν
544 963 671 1003 Ἰσαύρων
686 965 699 992 ὁ
714 963 807 1003 φόῧος,
823 964 891 993 ἀλλὰ

118 1008 164 1037 καὶ
177 1009 267 1047 πολλῷ
278 1007 356 1038 πλέον
368 1008 397 1037 τὸ
411 1009 473 1038 αὐτὸ
489 1009 520 1043 δὴ
535 1012 611 1038 τοῦτο
621 1013 705 1045 ποιεῖ,
718 1009 765 1045 τὴν
779 1009 891 1050 ἐρημίαν

119 1053 271 1088 ἐπιτείνων,
291 1053 392 1086 πάντας
405 1053 520 1082 ἐλαύνων
529 1075 536 1089 ,
552 1055 713 1094 φυγαδεύων,
727 1055 891 1093 μετανάστας

118 1101 212 1128 ποιῶν.
227 1098 320 1131 Οὐδεὶς
334 1099 385 1138 γὰρ
398 1098 465 1128 οἴκοι
479 1100 569 1129 λοιπὸν
583 1100 669 1138 μένειν
686 1100 818 1140 ἀνέχεται,
832 1102 889 1129 ἀλλ’

118 1145 227 1177 ἕκαστος
240 1144 287 1180 τὴν
301 1146 394 1173 ἑαυτοῦ
407 1145 562 1174 καταλιπὼν
580 1147 715 1185 ἀποπηδᾷ.
737 1146 790 1175 Καὶ
806 1148 832 1175 αἱ
845 1146 892 1184 μὲν

118 1190 207 1223 πόλεις
222 1190 272 1219 εἶσὶ
286 1190 376 1219 λοιπὸν
393 1194 477 1230 τοῖχοι
491 1191 536 1220 καὶ
550 1192 638 1231 ὄροφοι
649 1215 657 1228 ,
673 1194 700 1221 αἱ
713 1192 740 1220 δὲ
757 1192 893 1231 φάραγγες

117 1235 162 1264 καὶ
177 1238 204 1265 αἱ
219 1235 301 1264 νάπαι
320 1235 417 1269 πόλεις.
431 1237 559 1276 Καθάπερ
571 1237 622 1276 γὰρ
634 1237 667 1267 τὰ
687 1237 766 1276 ἄγρια
781 1239 832 1266 τῶν
848 1240 892 1272 θη-

118 1280 180 1320 ρίων
191 1302 198 1316 ,
210 1281 353 1320 παρδάλεις
365 1281 409 1310 καὶ
423 1281 538 1318 λέοντες,
559 1282 606 1318 τὴν
621 1283 719 1322 ἔρημον
737 1285 789 1312 τῶν
806 1285 893 1312 οἰκου-

116 1326 202 1364 μένων
223 1325 324 1355 πόλεων
349 1327 546 1366 ἀσφαλεστέραν
572 1330 659 1361 αὐτοῖς
684 1323 752 1357 εἶναι
777 1328 892 1367 νομίζει·

125 1370 193 1400 οὕτω
205 1371 236 1407 δὴ
248 1371 293 1400 καὶ
307 1372 330 1400 οἱ
342 1371 389 1406 τὴν
406 1371 541 1411 Ἀρμενίαν
554 1375 684 1406 οἰκοῦντες
695 1374 837 1414 ἄνθρωποι,
849 1375 894 1403 καὶ

124 1418 182 1445 καθ’
193 1416 308 1451 ἑκάστην
325 1416 425 1455 ἡμέραν
440 1418 535 1451 τόπους
549 1419 579 1446 ἐκ
592 1419 679 1447 τόπων
695 1419 894 1457 ἀναγκαζόμεθα

126 1463 280 1502 μεταπηδᾷν
289 1485 296 1498 ,
322 1462 484 1500 Ἁμαξοὸίων
508 1464 553 1492 καὶ
579 1465 709 1502 Νομάδων
733 1465 810 1493 τινῶν
839 1465 894 1503 βίον

125 1509 219 1541 ζῶντες
236 1508 281 1537 καὶ
295 1508 408 1546 οὐδαμοῦ
425 1511 518 1544 στῆναι
533 1512 686 1550 θαῤῥοῦντες
697 1522 704 1528 ·
720 1510 788 1539 οὕτω
808 1510 895 1539 πάντα

123 1552 158 1581 τὰ
169 1554 277 1581 ἐνταῦθα
289 1552 404 1592 θορύὸων
421 1554 496 1592 γέμει
510 1555 554 1584 καὶ
569 1557 697 1596 ταραχῆς.
711 1556 763 1585 Καὶ
774 1555 833 1588 τοὺς
848 1555 894 1593 μὲν

124 1599 157 1636 τῇ
171 1597 302 1638 παρουσίᾳ
319 1598 475 1637 σφάττουσι,
495 1599 612 1637 καίουσι,
632 1601 738 1634 δούλους
759 1602 813 1629 ἀντ’
828 1601 896 1629 ἐλευ-

124 1643 205 1682 θέρων
219 1646 322 1672 ποιοῦσι
333 1656 339 1661 ·
351 1644 410 1686 τοὺς
425 1645 450 1674 δὲ
466 1648 498 1684 τῇ
511 1646 586 1685 φήμῃ
599 1646 730 1686 δραπέτας
742 1644 894 1685 ἐργάζονται

124 1688 170 1717 καὶ
189 1688 330 1726 ἀπόλιδας,
347 1691 446 1727 μᾶλλον
462 1690 489 1719 δὲ
510 1691 554 1720 καὶ
570 1693 728 1731 ἀναιροῦσιν.
741 1692 822 1721 <Όσοι
844 1692 895 1731 γὰρ

123 1734 176 1763 νέοι
191 1736 286 1772 κομιδῆ
298 1736 323 1764 ἐν
337 1735 403 1775 μέσῃ
418 1736 490 1765 νυκτὶ
505 1737 632 1770 πολλάκις
643 1738 689 1766 καὶ
704 1740 797 1778 κρυμῷ
808 1739 894 1767 πάντα

122 1779 248 1818 πηγνύντι
271 1781 363 1820 ἀθρόον
373 1784 420 1816 τῆς
429 1782 512 1815 οἰκίας
522 1784 671 1818 ἐκπηδῆσαι
679 1783 893 1822 ἠναγκάσθησαν,

122 1825 212 1864 ὥσπερ
236 1825 304 1857 τινὸς
328 1829 429 1856 καπνοῦ
451 1830 497 1856 τοῦ
519 1828 598 1867 φόίῗου
620 1831 667 1863 τῆς
689 1829 779 1868 φήμης
802 1829 893 1862 αὐτοὺς
910 1839 929 1862 D

123 1870 288 1907 ἐλαύνοντος,
308 1873 354 1900 οὐκ
373 1872 515 1908 ἐδεήθησαν
540 1874 673 1913 μαχαίρας
687 1874 838 1914 Ἰσαυρικῆς
858 1877 893 1907 εἷς

123 1916 153 1945 τὸ
174 1917 320 1946 καταλῦσαι
339 1917 382 1945 τὸν
406 1918 477 1956 βίον,
490 1920 547 1948 ἀλλ’
570 1921 596 1947 ἐν
615 1922 647 1958 τῇ
664 1920 733 1958 χιόνι
754 1920 891 1958 παγέντες,

124 1960 206 1994 οὕτως
219 1961 400 1998 ἀπέπνευσαν,
415 1964 459 1992 καὶ
474 1963 577 2002 γέγονεν
594 1966 681 1997 αὐτοῖς
694 1967 740 2000 τ’ἧς
755 1968 799 1993 τοῦ
811 1965 892 1993 θανά-

124 2017 169 2035 του
181 2009 262 2045 φυγῆς
278 2009 295 2041 ἡ
316 2007 444 2046 πρόφασις
460 2009 569 2038 θανάτου
589 2010 719 2048 πρόφασις
731 2010 893 2049 χαλεπωτά-

123 2064 169 2081 του
181 2063 186 2069 ·
201 2053 227 2081 ἐν
245 2052 345 2085 τούτοις
359 2053 392 2082 τὰ
411 2054 536 2094 ἡμέτερα.
557 2055 610 2084 Καὶ
629 2058 711 2084 ταῦτα
735 2056 893 2094 εἰρήκαμεν,

123 2099 172 2136 οὐχ
185 2097 228 2126 ἵνα
250 2110 278 2127 σε
298 2099 457 2137 λυπήσωμεν
479 2096 522 2135 (εὖ
537 2101 588 2140 γὰρ
609 2097 668 2129 οἶδα
688 2102 728 2130 ὃτι
748 2102 894 2141 καθάψεταί

123 2155 169 2172 σου
187 2143 221 2172 τὰ
241 2143 392 2182 εἰρημένα),
415 2146 472 2174 ἀλλ’
488 2145 531 2174 ἵνα
549 2146 596 2181 τὴν
619 2146 705 2175 αἰτίαν
720 2147 836 2185 εἴπωμεν
848 2150 894 2182 τῆς

123 2193 227 2228 μακρᾶς
240 2189 337 2225 ταύτης
351 2193 435 2228 σιγῆς,
448 2191 492 2219 καὶ
507 2190 533 2219 τί
548 2191 644 2226 δήποτε
659 2192 706 2231 ὀψὲ
720 2193 764 2221 καὶ
778 2193 895 2232 βραδέως

122 2234 330 2273 ἐπεστάλκαμεν.
346 2235 425 2264 Οὕτω
443 2236 493 2275 γὰρ
508 2236 603 2270 πάντες
618 2240 688 2275 ἡμᾶς
705 2238 832 2267 ἀπέλιπον
844 2261 850 2273 ,
863 2240 898 2271 ὡς

123 2279 190 2318 μηδὲ
203 2281 285 2319 εὑρεῖν
299 2292 359 2308 τινα
371 2280 413 2309 τὸν
427 2282 510 2310 ἐκεῖσε
523 2282 720 2321 ἀφικνούμενον,
735 2285 792 2312 ἀλλ’
810 2285 900 2322 ἀναγ-

122 2327 252 2360 κασθῆναι
269 2325 312 2354 τὸν
334 2326 443 2355 συνόντα
463 2330 528 2365 ἡμῖν
551 2328 728 2367 πρεσὸύτερον
747 2330 895 2363 ἀναστῆσαι

122 2371 246 2407 ἐντεῦθεν,
259 2372 304 2400 καὶ
325 2372 429 2412 πέμψαι
450 2373 514 2413 πρὸς
533 2373 580 2409 τὴν
601 2374 728 2415 ὑμετέραν
749 2376 892 2413 θαυμασιό-
905 2376 923 2398 Ε

122 2427 197 2450 τητα.
210 2416 356 2454 Δεξάμενος
371 2417 456 2447 τοίνυν
471 2419 547 2448 αὐτὸν
561 2420 596 2453 ὥς
607 2431 647 2448 σοι
661 2420 774 2459 πρέπον,
788 2420 890 2458 ταχέως

156 2522 166 2533 ¹⁴
184 2515 245 2540 Tres
253 2516 312 2541 MSS.
326 2521 439 2550 χωρισμὸν
450 2520 596 2552 ὀλοφύρομαι.

1148 289 1298 317 CXXVII.
1315 290 1387 325 Pol)
1399 292 1453 317 Ino.

995 376 1069 404 :llius
1092 376 1202 405 sortasse
1223 377 1420 406 intolerandum
1444 377 1524 415 liujus
1547 375 1660 412 regionis

949 422 1051 461 frigus,
1069 428 1169 450 vastam
1186 422 1238 450 loci
1250 422 1440 459 solitudinem,
1456 421 1659 450 acerbissimum

947 467 1061 505 denique
1075 467 1199 496 morbum
1215 471 1222 502 (
1236 468 1298 496 hinc
1317 468 1386 496 enim
1412 468 1438 496 in
1454 467 1578 496 morbum
1595 467 1661 495 incn-

947 512 1037 541 dimus
1051 516 1059 549 )
1076 512 1188 541 luxisset
1211 524 1240 541 nc
1252 514 1414 552 deplorasset
1433 525 1438 540 ε
1455 523 1502 550 ego
1514 520 1603 541 autem
1619 513 1662 540 his

946 557 1052 585 omissis
1065 557 1272 595 disjunctionem
1283 565 1398 586 vestram
1410 558 1502 595 lugeo,
1515 569 1574 596 qu-'e
1589 558 1660 587 mihi

946 608 970 629 et
982 602 1141 636 solitudine,
1158 609 1184 630 et
1199 603 1310 639 morbo,
1327 609 1351 631 et
1373 602 1459 631 hieme
1471 609 1508 630 est
1521 603 1657 631 acerbior.

946 646 1035 681 Quam
1058 646 1229 675 acerbitatem
1255 648 1340 676 hiems
1356 658 1461 685 quoque
1483 647 1548 676 mihi
1574 648 1660 676 auxit.

946 691 1016 719 Nam
1030 691 1103 730 quod
1118 703 1201 720 unum
1212 693 1406 721 molestissima)
1418 693 1606 732 disjunctionis
1621 704 1662 721 so-

946 735 1041 765 latium
1054 738 1231 777 suppetebat,
1246 740 1297 767 hoc
1308 745 1346 766 est
1368 745 1395 766 ut
1411 739 1549 767 vobiscum
1566 750 1612 778 per
1631 739 1663 766 li-

946 788 1014 810 teras
1025 783 1189 821 colloquerer
1201 806 1208 816 ,
1218 783 1269 811 hoc
1279 795 1384 822 quoque
1395 784 1481 812 hiems
1491 791 1583 813 exorta
1594 785 1661 812 milii

946 827 1046 856 ademit
1059 839 1064 855 z
1081 835 1110 856 ut
1125 839 1183 866 quae
1200 829 1235 857 ob
1247 828 1381 867 ingentem
1394 830 1464 858 nivis
1481 830 1538 858 vim
1550 830 1608 859 vias
1623 830 1663 858 in-

946 874 1107 911 tercluserit,
1119 885 1151 902 ac
1160 885 1247 912 neque
1257 874 1367 903 aliunde
1377 886 1540 913 quemquam
1557 876 1611 904 huc
1621 886 1664 904 ve—

946 919 1022 955 nire,
1045 930 1076 948 ac
1096 920 1238 949 nobiscum
1261 920 1398 959 congredi,
1419 932 1504 959 neque
1521 921 1583 949 item
1602 921 1664 950 hine

945 964 1086 1002 excedere,
1099 972 1178 1003 atque
1191 965 1226 994 ad
1239 976 1287 994 vos
1303 966 1437 1004 proficisci
1448 966 1526 995 sinat.
1543 966 1623 1002 Quod
1641 972 1666 993 et

946 1011 1034 1050 ipsum
1046 1010 1121 1039 haud
1132 1011 1234 1048 minus,
1250 1011 1304 1040 imo
1322 1012 1400 1040 etiam
1414 1012 1499 1050 magis
1511 1012 1666 1040 Isaurorum

946 1062 1031 1084 terror
1041 1056 1124 1084 efficit
1131 1078 1140 1094 ‚
1153 1056 1283 1095 nobisque
1291 1057 1464 1085 solitudinem
1474 1064 1567 1095 auget,
1575 1067 1667 1085 omnes

946 1100 1072 1130 videlicet
1080 1102 1254 1139 submovens,
1270 1109 1350 1141 atque
1360 1103 1386 1131 in
1399 1103 1491 1141 fugam
1509 1102 1665 1141 conjicienS,

947 1147 1105 1185 exsulesque
1118 1147 1243 1176 reddens.
1260 1148 1351 1186 Neque
1365 1148 1437 1177 enim
1449 1149 1505 1187 jam
1524 1148 1664 1186 quisquam

947 1190 1020 1219 ullus
1032 1197 1069 1220 est
1081 1192 1126 1230 qui
1136 1191 1211 1220 domi
1224 1202 1331 1221 manere
1345 1192 1443 1220 audeat
1456 1204 1461 1219 :
1478 1203 1571 1220 verum
1584 1202 1666 1220 unus-

947 1236 1060 1275 quisque
1084 1238 1182 1266 relictis
1211 1237 1316 1266 aedibus
1342 1237 1398 1267 suis
1421 1237 1549 1277 profugit.
1580 1239 1665 1275 Atque.

949 1282 1028 1311 urbes
1043 1283 1169 1321 quidem,
1185 1283 1299 1323 parietes
1308 1291 1333 1312 et
1346 1289 1413 1312 tecta
1425 1294 1495 1312 nune
1505 1289 1566 1311 sunt
1581 1295 1586 1310 :
1600 1294 1665 1322 prze-

948 1334 1034 1366 ruptae
1048 1335 1138 1357 autem
1152 1329 1293 1368 voragines
1305 1336 1331 1357 et
1342 1329 1441 1368 sylvae,
1460 1328 1548 1357 urbes.
1566 1328 1665 1363 Quem-

949 1372 1095 1402 admodum
1122 1374 1194 1402 enim
1216 1375 1372 1403 truculentae
1396 1375 1457 1403 serae
1471 1396 1478 1409 ,
1493 1381 1522 1402 ut
1539 1374 1616 1412 pardi
1635 1384 1665 1402 ac

949 1417 1051 1453 leones⁷
1066 1419 1196 1448 tutiorem
1216 1420 1330 1448 urbibus
1345 1419 1518 1448 solitudinem
1540 1419 1591 1447 sibi
1611 1430 1666 1447 esse

948 1463 1103 1492 existimant
1119 1476 1125 1491 ε
1141 1464 1178 1493 sic
1194 1465 1274 1493 etiam
1288 1465 1408 1494 homines
1422 1487 1431 1501 ‚
1450 1464 1496 1502 qui
1511 1464 1665 1492 Armeniam

949 1508 1104 1546 incolimus,
1117 1510 1275 1548 quotidieex
1283 1511 1342 1539 aliis
1349 1509 1566 1549 atquealiislocis
1579 1510 1605 1538 in
1614 1509 1666 1537 aliu

949 1555 1086 1593 atquealia
1096 1556 1154 1584 loca
1161 1556 1277 1595 migrare
1286 1556 1422 1595 cogimur,
1434 1556 1518 1585 vitam
1528 1556 1664 1584 Hamaxo-

948 1599 1055 1629 biorum
1065 1608 1090 1630 et
1099 1601 1252 1630 Nomadum
1259 1609 1365 1641 agente-s
1373 1624 1381 1639 ,
1392 1612 1440 1630 nec
1448 1612 1562 1639 usquam
1571 1600 1664 1629 fidenti

949 1646 1038 1675 animo
1047 1647 1217 1676 consistentes
1227 1659 1232 1674 z
1241 1647 1445 1686 usqueadeohie
1452 1647 1540 1676 omnia
1547 1646 1665 1674 tumultu

949 1698 974 1720 et
983 1693 1183 1731 perturbatione
1191 1693 1269 1732 plena
1279 1700 1351 1722 sunt.
1367 1692 1475 1721 Etenim
1486 1692 1527 1720 illi
1539 1692 1604 1720 alios
1619 1692 1664 1720 ad-

948 1744 1029 1766 ventu
1042 1748 1090 1766 suo
1101 1739 1244 1777 jugulant,
1272 1746 1404 1775 exurunt,
1428 1745 1505 1776 atque
1519 1748 1553 1766 ex
1573 1737 1665 1765 liberis

948 1793 1039 1812 servos
1053 1784 1176 1812 efficiunt
1191 1796 1196 1811 ε
1213 1784 1279 1812 alios
1296 1791 1384 1812 autem
1404 1794 1495 1822 sparso
1516 1792 1622 1811 rumore
1636 1782 1664 1810 iu

948 1829 1039 1867 fugam
1059 1836 1185 1867 vertunt,
1204 1836 1283 1866 atque
1298 1829 1411 1857 urbibus
1426 1829 1544 1867 pellunt,
1557 1828 1621 1863 imo,
1635 1834 1664 1855 ut

947 1877 1044 1906 rectius
1055 1876 1150 1913 loquar
1161 1897 1168 1910 ‚
1178 1873 1312 1902 occidunt.
1338 1874 1478 1911 Quotquot
1491 1873 1561 1902 enim
1571 1872 1663 1901 adole-

947 1928 1048 1951 scentes
1071 1919 1167 1948 mediis
1191 1920 1270 1947 etiam
1290 1918 1449 1958 plerumque
1468 1918 1609 1955 noctibus,
1632 1928 1663 1946 ae

947 1967 1046 2005 frigore
1057 1965 1146 1994 omnia
1163 1964 1326 2000 obdurante,
1347 1970 1453 2002 repente
1474 1964 1553 1992 domo
1572 1964 1663 2002 profu-

948 2021 1008 2049 gere
1026 2009 1111 2039 coarti
1126 2015 1187 2037 sunt
1192 2031 1202 2046 7
1221 2014 1293 2036 metu
1305 2007 1421 2036 rumoris
1441 2018 1485 2037 eos
1497 2007 1564 2036 fumi
1579 2009 1662 2036 instar

947 2056 1071 2094 abigente
1079 2077 1086 2091 ,
1099 2061 1178 2092 atque
1188 2053 1223 2082 ad
1234 2060 1346 2082 mortem
1357 2053 1536 2093 oppetendam
1546 2064 1578 2082 ne
1588 2054 1664 2082 Isau-

949 2102 1004 2130 rico
1015 2100 1125 2140 quidem
1139 2099 1231 2139 gladio
1246 2109 1313 2138 opus
1333 2098 1485 2127 habuerunt
1494 2121 1502 2136 ,
1524 2109 1616 2128 verum
1631 2099 1657 2126 in

948 2147 1010 2176 nive
1031 2146 1226 2184 obrigescentes
1246 2151 1396 2173 extremum
1419 2144 1544 2183 spiritum
1567 2144 1660 2172 edide-

947 2199 1009 2221 runt
1023 2204 1029 2220 ε
1045 2201 1158 2230 quaeque
1174 2190 1239 2229 ipsis
1251 2189 1384 2229 fugiendae
1396 2190 1490 2218 mortis
1506 2200 1585 2219 causa
1598 2191 1660 2218 sue-

947 2245 1005 2274 rat,
1019 2237 1111 2266 eadem
1125 2236 1180 2265 illis
1191 2235 1369 2264 acerbissimae
1380 2235 1474 2264 mortis
1492 2246 1571 2264 eausa
1583 2236 1635 2264 suit
1652 2248 1656 2262 :

945 2293 977 2312 en
999 2293 1052 2320 quo
1068 2289 1138 2311 statu
1154 2292 1195 2310 res
1208 2287 1303 2310 nostrae
1322 2281 1383 2309 sint.
1401 2281 1466 2316 Quae
1481 2281 1590 2319 quidem
1605 2292 1656 2309 non

945 2328 1082 2364 diximus,
1097 2334 1126 2356 ut
1140 2334 1164 2356 te
1181 2327 1208 2355 in
1233 2336 1374 2355 moerorem
1399 2327 1657 2366 conjiciamus(sei0

946 2374 1045 2413 quippe
1058 2373 1115 2402 haec
1127 2372 1177 2402 tibi
1193 2372 1278 2401 dolori
1289 2372 1376 2410 sore),
1389 2383 1483 2402 verum
1496 2380 1525 2401 ut
1535 2372 1657 2400 diuturni

937 2420 1034 2449 silentii
1046 2419 1129 2449 nostri
1140 2429 1248 2448 causam
1261 2418 1415 2458 aperiamus
1423 2441 1431 2456 ‚
1443 2417 1562 2456 quidque
1573 2427 1658 2445 eausoe

1482 2555 1526 2581 52.

1713 386 1776 407 Ληηο
1789 392 1812 407 ut

1670 421 1760 446 putatur

1641 467 1645 472 .
1674 448 1724 477 ‘40ss
