1840 2839
758 156 777 177 1’”.
782 156 809 178 ΙἸ
814 155 894 178 S’rOL
899 156 923 177 1³.
930 169 936 176 .

81 222 141 257 ὑμῖν
154 220 365 259 εὐχαριστοῦντες
379 219 408 247 οὐ
421 217 558 256 παυόμεθα
570 241 576 253 ,
592 217 765 256 θαυμάζοντες
775 240 782 253 ,
796 229 849 255 μα-

81 265 228 303 καρίζοντες
238 287 246 299 ,
259 264 334 296 ὅσους
347 266 448 296 ἑαυτοῖς
463 263 528 302 ὑπὲρ
545 263 642 291 τούτων
657 263 729 302 παρὰ
746 265 789 291 τοῦ
804 275 849 302 φιν

80 310 234 349 λανθρώπου
258 312 327 339 (θεοῦ
351 309 557 348 προαποτίθεσθε
575 308 633 341 τοὺς
657 308 771 347 μισθούς.
800 308 851 337 Καὶ

81 355 170 390 ἐπειδὴ
186 357 242 385 οὔτε
257 355 424 394 συγγενέσθαι
439 357 498 393 ὑμῖν
512 354 618 383 δυνατὸν
631 357 674 383 νῦν
691 355 740 383 ὑπὸ
751 354 850 393 ἐξορίας

81 401 265 441 κατεχομένῳ,
281 401 340 430 οὔτε
363 402 477 439 συνεχῶς
499 400 671 435 ἐπιστέλλειν,
691 403 728 440 τῷ
756 400 792 438 μὴ
808 412 896 438 τοι·ωῠ

82 446 150 485 χέως
173 448 292 485 εὐπορεῖν
311 445 545 485 γραμματηφόρων]
564 442 601 485 (ἦ
618 446 667 484 γὰρ
690 446 719 474 ἂν
742 446 851 485 winih<
870 447 888 469 Λ

82 491 238 531 ἐπέμψαμεν
253 492 416 530 γραμμάτων
430 494 449 527 ),
465 491 507 519 τὸν
525 491 613 531 κύριόν
635 503 684 530 μου
698 492 741 520 τὸν
759 491 852 529 τιμιώ-

82 549 159 566 τατον
180 537 223 566 καὶ
246 537 435 566 εὐλαῧέστατον
448 537 635 576 πρεσῧύτερον,
659 538 704 566 καὶ
724 537 800 566 αὐτὸν
815 537 852 565 οἴ-

83 586 156 612 κοθεν
171 582 324 622 ὁρμώμενον
337 584 429 618 ἐλθεῖν,
440 584 484 611 καὶ
499 584 641 612 θεάσασθαι
654 583 702 618 τὴν
715 583 851 612 εὖλάίειαν

82 628 130 664 τὴν
146 629 283 669 ὑμετέραν,
298 629 526 668 παρεκαλέσαμεν,
546 629 614 658 ὥστε
635 629 679 658 καὶ
697 630 760 668 πρὸς
782 632 852 667 ἡμᾶς

82 675 247 713 γραμμάτων
273 677 415 714 ἐπιτυχεῖν,
431 676 475 704 καὶ
500 674 577 703 αὐτὸν
602 675 646 703 καὶ
662 674 730 703 κατὰ
747 674 851 714 πρόσω-

84 730 132 748 πον
150 721 297 748 ἀπολαῦσαι
309 723 355 755 τῆς
370 720 475 759 ἀγάπης
490 721 536 754 τ’ῆς
557 719 693 759 ὑμετέρας.
709 719 851 757 Δεξάμενοι

83 764 169 794 τοίνυν
184 765 259 794 αὐτὸν
276 768 310 799 ὡς
328 768 388 803 ὑμῖν
404 765 501 805 πρέπον
526 765 606 800 ἐστὶν,
631 765 710 799 ἡνίκα
732 766 761 794 ἂν
786 765 830 804 ἐξῇ
843 788 851 802 ,

84 810 128 839 καὶ
140 813 203 849 ἡμῖν
214 812 304 847 δηλοῦν
321 811 357 848 μὴ
368 815 517 839 κατοκνεῖτε
528 810 560 838 τὰ
574 811 634 850 περὶ
647 812 694 844 τῆς
708 811 794 850 ὑγείας
805 814 851 847 τῆς

85 855 221 895 ὑμετέρας.
239 856 344 896 Σφόδρα
367 855 417 896 γὰρ
438 858 501 893 ἡμῖν
524 857 749 895 περισπούδαστον
775 860 852 888 τοῦτο

86 901 235 939 μανθάνειν,
246 901 290 930 καὶ
301 902 328 930 οὗ
346 901 427 941 μικρὰ
438 903 485 936 τῆς
495 901 606 941 ἐρημίας
614 926 621 940 ,
633 903 659 931 ἐν
671 899 688 942 ᾗ
701 904 852 943 καθήμεθα,

84 950 161 976 τοῦτο
171 948 235 986 ἡμῖν
250 947 324 976 ἔσται
340 947 513 987 παράκλησις.

337 1218 397 1258 ρξζ’.
411 1222 421 1234 “
433 1220 496 1252 Τοῖς
510 1221 604 1252 αὐτοῖς.

127 1306 211 1345 Χάριν
230 1308 291 1346 ὑμῖν
307 1307 381 1347 ἴσμεν
397 1309 497 1344 πολλὴν
511 1311 558 1344 τῆς
572 1311 701 1346 τοσαύτης
722 1312 837 1345 εὖτονίας
847 1333 854 1347 ,

85 1351 130 1380 καὶ
145 1353 273 1388 σπουδῆς,
287 1353 332 1382 καὶ
347 1354 493 1392 φροντίδος,
510 1355 554 1383 καὶ
568 1358 620 1384 τῶν
634 1356 729 1392 πόνων,
743 1357 788 1385 καὶ
802 1360 853 1386 τῶν

86 1397 214 1437 ἱδρώτων,
240 1398 285 1427 καὶ
306 1401 353 1434 τῆς
379 1405 483 1439 μακρᾶς
508 1401 606 1436 ταύτης
630 1402 781 1440 ἀποδημίας
791 1426 799 1439 ,
822 1403 853 1438 ἢν

87 1443 152 1483 ὑπὲρ
176 1445 228 1473 τῶν
255 1445 439 1485 συμφερόντων
462 1448 494 1484 τῇ
524 1446 672 1488 Ἐκκλησία
699 1449 854 1484 πεποίησθε.

87 1487 165 1529 υΟσῳ
177 1489 228 1530 γὰρ
242 1495 294 1523 τοῖς
310 1491 482 1529 ταράττουσιν
496 1492 600 1522 ἅπαντα
613 1496 699 1532 μεῖζον
712 1494 742 1523 τὸ
756 1495 854 1534 κρίμα,

87 1535 202 1576 τοσούτῳ
214 1536 256 1565 καὶ
275 1539 335 1575 ὑμῖν
354 1538 451 1566 πλείων
466 1540 479 1566 ὁ
492 1538 582 1577 μισθὸς
593 1562 600 1574 ,
616 1540 729 1579 τοσαύτῃ
754 1552 855 1580 κεχρη-

89 1580 175 1618 μένοις
186 1583 303 1621 ὗπομονῇ
318 1582 363 1610 καὶ
380 1584 479 1621 σπουδῇ
495 1586 530 1616 εἰς
553 1584 688 1624 διόρθωσιν
702 1587 754 1614 τῶν
768 1588 856 1619 κακῶς

88 1628 151 1666 παρ’
166 1626 261 1666 ἑτέρων
276 1628 465 1666 γεγενημένων.
488 1630 540 1658 Καὶ
565 1631 726 1670 ἐδουλόμεθα
749 1632 796 1671 μὲν
811 1633 856 1661 καὶ

88 1672 214 1711 παρόντες
227 1673 295 1702 κατὰ
311 1674 450 1713 πρόσωπον
473 1681 608 1715 συντυχεῖν
630 1680 702 1716 ὑμῶν
723 1680 755 1718 τῇ
780 1680 856 1708 εὐλα-

88 1717 160 1758 6είᾳ·
177 1719 267 1754 ἐπειδὴ
289 1719 315 1748 δὲ
329 1722 405 1749 τοῦτο
421 1721 579 1761 ἀφῃρήμεθα
599 1723 651 1752 ἀπὸ
663 1726 710 1759 τῆς
724 1725 792 1753 κατὰ
809 1725 856 1761 τὴν

87 1763 186 1803 ἐξορίαν
203 1764 333 1804 ἀνάγκης,
345 1766 393 1805 ὀψέ
407 1778 470 1796 ποτε
484 1767 530 1796 καὶ
546 1767 621 1806 μόλις
632 1770 799 1810 ἐπιτυχόντες
813 1775 857 1800 τοῦ

87 1809 152 1849 πρὸς
165 1813 232 1849 ὑμᾶς
246 1811 434 1850 ἀφικνουμένου
445 1835 454 1850 ,
475 1816 520 1842 τοῦ
539 1814 627 1854 κυρίου
643 1827 693 1854 μου
707 1820 752 1846 τοῦ
764 1829 857 1856 τιμιω-

86 1855 166 1884 τάτου
181 1856 225 1884 καὶ
240 1857 430 1886 εὖλαὸεστοίτου
447 1859 640 1899 πρεσὸυτέρου,
656 1862 857 1901 διεπεμψάμεθα

87 1901 163 1929 ταυτὶ
176 1901 210 1930 τὰ
223 1902 383 1940 γράμματα,
397 1904 444 1938 τήν
464 1915 493 1932 τε
510 1905 680 1944 ὀφειλομένην
693 1907 858 1941 ἀποδιδόντες

87 1946 244 1985 πρόσρησιν,
264 1947 309 1976 καὶ
329 1950 543 1988 εὐχαριστοῦντες
566 1950 632 1990 ὑπέρ
649 1963 678 1980 τε
694 1954 746 1980 τῶν
763 1954 859 1992 παρελ-

90 1992 196 2027 θόντων,
218 1993 283 2031 ὑπέρ
308 2005 337 2022 τε
359 1996 410 2022 τῶν
434 1998 487 2030 νῦν,
511 1995 576 2036 ὑπέρ
599 2008 626 2025 τε
651 1997 793 2037 ὁλοκλήρου
813 2001 859 2034 τῆς

89 2037 250 2077 διορθώσεως
262 2041 312 2067 τῶν
322 2042 419 2068 κακῶν.
431 2039 487 2069 Κᾶν
497 2040 547 2080 γὰρ
559 2041 639 2079 μηδὲν
649 2042 757 2081 γένηται
769 2044 859 2081 πλέον,

89 2085 163 2121 ὑμεῖς
173 2083 204 2112 τὸ
215 2083 341 2124 ὑμέτερον
355 2085 528 2120 πεποιήκατε.
545 2087 593 2116 Διὸ
607 2087 651 2116 καὶ
664 2090 858 2128 ἀπηρτισμένον

88 2129 162 2168 ἔχετε
184 2130 257 2169 παρὰ
282 2133 327 2159 τοῦ
351 2131 533 2170 φιλανθρώπου
547 2134 617 2162 Θεοῦ
641 2133 684 2162 τὸν
704 2136 805 2172 μισθὸν,
817 2147 856 2164 το·

88 2174 170 2214 σαύτῃ
183 2175 228 2203 καὶ
243 2177 343 2215 σπουδῇ
359 2176 404 2204 καὶ
428 2177 561 2217 προθυμίᾳ
581 2179 647 2218 πρὸς
670 2180 700 2209 τὸ
718 2181 750 2209 τὰ
771 2184 858 2215 κακῶς

87 2221 248 2259 γεγενημένα
272 2221 396 2250 ἰάσασθαι
428 2222 471 2251 διὰ
497 2223 593 2257 παντὸς
619 2225 785 2265 χρησάμενοι
813 2231 858 2257 τοῦ

88 2266 193 2306 χρόνου.

874 1216 891 1238 Β

875 2190 893 2213 Ι)

1553 147 1623 192 ⁸35)

909 223 1102 254 commoratur,
1117 228 1146 245 ac
1161 228 1210 256 pro
1225 216 1406 246 lii-elesiarmn
1425 217 1539 246 utilitate
1562 218 1624 246 ‹liu-

907 269 992 291 turnoe
1015 263 1234 303 peregrinationis
1250 264 1353 292 labores
1379 264 1483 292 suffert.
1503 267 1541 293 Ac
1564 275 1626 304 pro-

907 315 993 347 pterea
1007 309 1082 337 vobis
1099 309 1293 348 grintiasiigere,
1308 321 1407 348 vosque
1419 310 1453 338 ob
1461 317 1498 338 tot
1509 320 1539 338 ac
1554 317 1624 339 tanta

907 354 1027 392 praunia,
1045 365 1103 393 quat
1133 355 1183 384 hoc
1208 355 1313 384 nomine
1331 356 1404 383 Deus
1425 356 1500 384 vobis
1515 367 1563 395 pro
1580 367 1627 384 sua

906 399 1071 438 benignitate
1086 400 1217 437 recondit,
1233 400 1360 429 admirari
1377 412 1406 429 ae
1421 401 1512 430 beatos
1527 401 1626 441 praedi-

907 456 1025 474 carcnon
1042 445 1198 475 desinimus.
1214 449 1251 475 Αι·
1272 447 1398 485 quoniam
1413 458 1459 476 nos
1472 459 1518 475 uec
1530 448 1564 476 oh
1575 459 1626 477 ex-

906 491 1009 528 silium,
1024 503 1076 529 quo
1089 502 1159 519 nunc
1176 503 1339 529 coercemur,
1356 493 1497 521 vobiscum
1514 494 1625 529 versari,

907 546 954 564 nec
966 535 1039 570 item,
1065 536 1149 573 quod,
1167 538 1210 564 cui
1226 537 1318 565 literas
1331 538 1436 574 demus,
1454 538 1525 566 haud
1551 539 1629 567 facil(—

907 581 1098 616 nmmiscimur,
1115 581 1222 610 assidue
1236 582 1272 610 ad
1287 593 1334 611 vos
1357 583 1472 611 scribere
1486 595 1628 623 possumus

906 629 984 661 (nam
1001 626 1101 664 alioqui
1117 627 1255 656 literarum
1267 628 1419 666 frequentia
1435 640 1482 657 vos
1494 629 1626 658 obruisse-

907 674 997 707 mus):
1017 671 1118 701 ideirco
1133 673 1384 702 reverendissimum
1410 685 1441 703 ac
1458 675 1628 714 religiosissi-

907 727 981 745 mum
995 717 1135 746 dominum
1152 729 1241 747 mcum
1265 719 1464 759 presbyterum,
1490 721 1627 759 quietiam

906 763 963 802 ipse
987 770 1081 802 sponte
1103 775 1150 792 sua
1164 765 1301 804 proficisci
1316 776 1346 793 ac
1361 777 1408 795 vos
1427 766 1520 795 videre
1534 767 1626 806 cupie-

906 808 962 845 bat,
982 809 1191 847 obsecravimus,
1215 818 1245 839 ut
1269 811 1358 840 literas
1373 822 1387 840 a
1418 812 1495 841 vobis
1523 813 1559 841 ad
1580 824 1627 841 nos

905 853 1047 891 obtineret,
1063 862 1143 893 atque
1154 856 1211 895 ipse
1226 857 1335 886 caritate
1347 865 1433 886 vestra
1451 868 1540 886 coram
1552 859 1625 887 sruc-

905 906 986 928 retur.
1003 901 1180 939 Posteaquam
1194 902 1279 941 igitur
1294 914 1364 940 etun,
1380 915 1428 943 pro
1441 915 1470 933 co
1489 911 1568 943 atque
1579 915 1628 934 vos

905 945 991 982 decet,
1007 946 1172 985 exceperitis,
1186 947 1220 976 de
1232 955 1319 977 vestra
1333 949 1496 985 valetudine,
1515 961 1574 979 cum
1590 950 1626 979 li-

907 992 1002 1028 cuerit,
1011 993 1135 1021 certiores
1145 1004 1193 1022 nos
1202 993 1296 1031 facere,
1306 1005 1407 1032 quaeso,
1420 1006 1452 1023 ne
1465 996 1624 1034 gravemini.

907 1037 1048 1075 Siquidem
1063 1039 1142 1067 nobis
1152 1038 1180 1067 id
1192 1039 1260 1068 scire
1272 1050 1377 1069 summo
1392 1040 1482 1069 studio
1503 1048 1542 1070 est
1555 1054 1560 1069 :
1579 1052 1625 1071 ne-

909 1094 960 1122 que
970 1094 1080 1123 parvam
1093 1084 1246 1114 solitudinis
1262 1086 1353 1125 hujus,
1370 1087 1396 1115 in
1409 1097 1462 1125 qua
1478 1098 1626 1124 versamur,

909 1129 1115 1159 consolationem
1127 1130 1190 1159 hinc
1205 1132 1341 1172 accepturi
1353 1143 1455 1161 sumus.

1125 1223 1273 1254 CLXVII.
1300 1226 1416 1255 Iisdem.

950 1316 1137 1356 Amplissimas
1158 1318 1236 1347 vobis
1250 1319 1285 1347 ob
1298 1325 1399 1348 tantam
1413 1320 1495 1349 animi
1507 1321 1625 1350 firmita-
1638 1327 1700 1349 Auno
1712 1327 1765 1357 [106.

910 1369 975 1399 tem,
990 1373 1022 1391 ac
1035 1363 1165 1401 studium,
1190 1371 1215 1392 et
1237 1375 1341 1401 curam,
1362 1365 1518 1405 laboresque
1536 1375 1561 1396 et
1581 1379 1626 1396 su-

910 1408 996 1443 dores,
1022 1419 1052 1437 ac
1076 1408 1190 1447 denique
1219 1410 1253 1438 ob
1278 1410 1386 1450 longam
1412 1411 1481 1440 hanc
1512 1414 1626 1452 peregri-

909 1454 1054 1491 nationem,
1083 1465 1165 1493 quam
1188 1455 1313 1484 utilitatis
1340 1456 1523 1487 Ecclesiarum
1548 1469 1628 1487 causa

909 1499 1071 1539 suscepistis,
1087 1500 1185 1539 gratias
1199 1501 1314 1540 agimus.
1330 1501 1437 1531 Etenim
1452 1511 1552 1542 quanto
1564 1515 1626 1544 gra-

911 1546 972 1575 vius
981 1557 1036 1584 eos,
1047 1546 1093 1584 qui
1104 1547 1192 1575 omnia
1202 1548 1371 1586 perturbant,
1379 1549 1514 1588 judicium
1530 1558 1628 1588 manet,

909 1599 982 1621 tanto
1007 1603 1115 1631 quoque
1141 1594 1230 1632 majus
1263 1594 1425 1633 uberiusque
1454 1596 1532 1624 vobis
1561 1607 1629 1636 prae-

908 1637 995 1666 mium
1008 1637 1216 1676 exspectandum
1227 1645 1276 1675 est,
1292 1639 1339 1676 qui
1353 1639 1388 1668 ad
1400 1650 1440 1677 ea,
1454 1651 1513 1678 quae
1523 1641 1557 1669 ab
1569 1641 1630 1669 aliis

911 1683 1035 1712 scelerate
1057 1693 1088 1711 ac
1107 1683 1206 1712 nefarie
1226 1684 1343 1713 admissa
1365 1692 1436 1722 sunt,
1461 1686 1628 1725 corrigenda,

912 1736 1015 1757 tantum
1028 1729 1163 1768 patientiae
1178 1729 1261 1758 studii
1284 1730 1456 1759 adhibuistis.
1474 1732 1561 1769 Atque
1575 1732 1629 1760 uti-

911 1785 972 1803 nam
991 1785 1081 1803 coram
1102 1785 1208 1813 quoque
1232 1775 1374 1804 vobiscum
1398 1776 1524 1813 congredi
1535 1787 1628 1816 posse-

912 1831 981 1848 mus.
992 1819 1074 1854 Quod
1085 1820 1211 1858 quoniam
1225 1820 1303 1848 nobis
1313 1821 1401 1848 exsilii
1415 1822 1555 1850 necessitas
1566 1822 1630 1852 ade-

912 1865 973 1903 mit,
986 1865 1094 1893 tandem
1107 1865 1252 1903 aliquando
1264 1872 1343 1904 atque
1354 1876 1424 1904 aegre
1431 1867 1630 1897 ornatissimum

912 1920 944 1939 ac
971 1909 1203 1948 religiosissimum
1217 1910 1358 1940 dominum
1384 1922 1474 1941 meum
1487 1914 1631 1953 presbyte—

912 1967 972 1985 rum
978 1956 1012 1984 ad
1022 1966 1070 1985 vos
1078 1955 1292 1995 proficiscentem
1301 1957 1382 1994 nacti,
1395 1958 1444 1986 has
1453 1958 1544 1988 literas
1555 1960 1630 1988 misi·

913 2013 984 2039 mus,
999 2001 1099 2040 quibus
1113 2001 1235 2030 debitum
1258 2002 1337 2031 vobis
1349 2003 1518 2033 salutationis
1531 2015 1629 2034 munus

913 2047 1065 2087 pendimus,
1081 2058 1112 2076 ac
1136 2055 1195 2076 tum
1216 2059 1266 2088 pro
1281 2050 1459 2088 praesentibus
1474 2050 1570 2079 vestris
1589 2052 1629 2080 of-

911 2093 991 2128 ficiis,
1017 2100 1074 2122 tum
1086 2103 1136 2132 pro
1150 2103 1190 2131 eo,
1208 2104 1260 2131 quo
1274 2094 1403 2133 flagratis,
1429 2095 1630 2125 sarciendorum

911 2139 1143 2167 incommodorum
1157 2138 1224 2177 zelo,
1242 2139 1341 2178 gratias
1359 2139 1475 2179 agimus.
1492 2142 1561 2170 Nam
1581 2142 1631 2170 etsi

913 2184 999 2214 nihilo
1009 2185 1119 2213 meliore
1137 2191 1208 2213 statu
1219 2195 1260 2214 res
1286 2192 1324 2214 est
1340 2197 1346 2212 τ
1362 2193 1450 2215 tamen
1472 2187 1535 2226 ipsi,
1558 2187 1631 2226 quod

912 2230 1030 2259 muneris
1041 2229 1124 2259 vestri
1139 2237 1205 2266 erat,
1219 2231 1392 2270 praestitistis.
1417 2232 1510 2271 quue
1522 2234 1630 2262 nomine

910 2276 988 2316 plena
1007 2286 1106 2304 merces
1131 2287 1146 2305 a
1162 2276 1278 2316 benigno
1297 2278 1353 2305 Deo
1382 2278 1460 2306 vobis
1488 2279 1630 2308 constituta

910 2329 960 2360 est,
973 2328 1001 2350 ut
1014 2322 1060 2360 qui
1070 2322 1105 2351 ad
1114 2321 1275 2351 medicinam
1291 2322 1416 2352 admissis
1430 2324 1574 2353 sceleribus
1589 2326 1628 2353 as-

911 2367 1046 2397 serendam
1072 2375 1146 2397 tanto
1162 2368 1252 2397 studio
1278 2369 1432 2408 fervoreque
1455 2369 1561 2399 assidue
1587 2371 1627 2398 usi

913 2421 979 2443 sutis.

131 2533 141 2544 ²
159 2526 236 2558 Hujus
248 2525 323 2551 etiam
340 2527 426 2554 titulus
443 2533 480 2553 est
492 2528 516 2554 in
528 2528 631 2555 Coislin.
645 2534 755 2564 ἐπισκὸπῳ
767 2534 853 2559 ἐλθόντι
865 2536 926 2565 μετὰ
937 2540 981 2560 τῶν
992 2538 1037 2560 ἀπὸ
1050 2540 1089 2563 τῆς
1101 2536 1180 2563 δύσεως
1190 2538 1320 2561 ἐπισκόπων.
