1757 2789
126 153 184 175 Vll!
799 145 982 168 t‘ttfflzfA'rto.

123 214 291 243 accuratione
307 211 459 241 emendatas
474 210 618 239 edidimus.
635 209 705 245 Quia
715 218 777 236 vero
792 207 930 245 temporis,
947 215 999 243 quo
1019 204 1124 243 scriptae
1146 204 1200 232 illac
1214 204 1327 241 fuerant,
1351 204 1472 233 ordinem
1498 206 1572 234 nulla
1589 213 1654 238 arte,

123 260 198 289 nullo
208 259 298 288 labore
309 257 412 296 assequi
425 264 587 296 poteramus,
604 253 744 283 Frontonis
760 252 853 281 Ducaei
867 251 960 280 seriem
969 250 1043 288 sequi
1055 250 1145 279 visum
1156 257 1202 279 est.
1214 250 1272 278 Etsi
1283 251 1354 279 enim
1368 251 1476 279 omnino
1484 252 1658 291 conspicuum

123 306 158 334 sit
168 304 295 344 quasdam
312 314 403 333 earum
415 309 475 330 ante
486 302 552 330 alias
562 312 620 338 quae
635 301 691 338 jain
713 299 739 327 iu
756 298 837 326 Edito
857 297 1009 336 praeceduut
1027 296 1140 335 scriptas
1161 297 1251 333 fuisse,
1264 307 1326 325 cum
1341 297 1458 325 maxima
1474 308 1535 336 pars
1550 298 1658 325 illarum

123 351 225 379 nullam
239 361 293 390 prae
306 360 332 378 se
343 349 408 377 serat
416 347 542 386 temporis
550 353 649 379 notam,
660 355 711 373 non
723 343 843 372 consulto
853 343 1016 377 fecissemus,
1030 342 1051 370 si
1060 342 1189 380 quasdam
1196 353 1287 370 earum
1296 353 1311 370 a
1322 343 1434 382 pristino
1446 343 1504 372 loeo
1515 343 1658 372 amovisse-

124 407 194 432 mus,
208 396 301 425 incerti
316 405 380 423 num
396 394 459 428 illm,
477 403 564 431 quasa
574 391 669 430 priscis
683 390 791 418 sedibus
804 389 1052 423 deturbaret-amus,
1068 395 1127 416 ante
1149 387 1215 416 alias
1226 399 1317 417 omnes
1332 396 1468 426 sequentes
1482 389 1550 417 datm
1564 396 1657 417 essent.

164 443 249 472 Extra
264 451 405 470 numerum
420 439 533 467 aliarum
547 438 710 477 praemiserat
726 437 825 464 Fronto
840 436 956 463 Ducaeus
974 434 1050 462 binas
1061 433 1096 462 ad
1107 434 1290 462 Innocentium
1313 434 1479 473 Episcopum
1506 437 1658 464 Romanum

126 489 272 528 Epistolas‚
285 496 384 515 necnon
400 485 475 512 illam
490 494 549 521 quae
564 483 597 511 ad
612 482 750 521 episcopos
768 487 793 509 et
809 480 979 519 presbyteros
997 480 1023 508 in
1038 490 1141 508 carcere
1156 479 1271 507 inclusos
1283 490 1297 507 a
1317 481 1509 519 Chrysostomo
1523 480 1660 509 exsulante

126 534 224 573 scripta
236 533 298 567 fuit;
311 532 337 559 in
350 531 400 558 hoc
418 530 497 557 etiam
522 530 650 557 Ducaeuni
666 527 812 565 sequimur.
830 527 933 555 Verum
945 532 1004 565 post
1019 525 1142 564 epistolas
1164 525 1359 564 Chrysostomi,
1369 526 1436 554 duas
1454 526 1599 554 Innocentii
1612 537 1660 564 pa-

126 591 166 619 pae
180 591 214 608 ex
225 580 371 608 Sozomeno
386 583 509 614 exceptas
524 574 639 609 edimus,
656 584 714 611 quae
730 574 793 611 quia
808 572 843 600 ad
858 583 923 606 rem,
945 582 998 610 qua
1009 571 1043 599 de
1057 571 1102 599 hie
1114 571 1211 609 agitur,
1236 571 1344 599 omuino
1357 572 1498 610 pertinent,
1509 572 1593 600 miror
1607 581 1659 609 quo

126 633 202 665 pacto
219 625 246 653 in
262 624 337 664 prius
350 622 439 651 Editis
453 621 555 649 omissae
569 620 677 648 fuerint.
703 619 752 647 His
762 618 952 658 subjunximus
975 618 1096 646 Sacram
1118 617 1229 645 Honorii
1245 617 1374 655 Augusti;
1401 618 1504 646 Sacras
1526 618 1661 656 appellare

126 671 247 699 solebant
266 669 391 708 epistolas
410 666 606 706 Imperatorias.
629 666 659 693 In
683 665 733 692 hae
757 675 818 692 vero
841 663 875 691 de
897 663 1015 691 tumultu
1038 662 1329 702 Constantinopolitano
1354 663 1381 691 iu
1404 663 1529 701 ejectione
1543 663 1661 702 Chryso-

129 716 208 744 stonii
223 715 300 743 unice
311 714 416 751 agitur,
440 712 554 750 ideoque
574 722 625 739 non
640 710 733 739 debuit
749 711 775 738 in
791 710 887 738 harum
898 709 1082 748 Epistolaruni
1092 709 1158 737 serie
1172 709 1346 748 praetcrmitti.
1371 710 1526 747 Sequuntur
1541 708 1661 737 ducentae

127 761 303 799 quadraginta
318 759 377 787 duae
386 758 512 798 Epistola*
528 757 725 796 Chrysostomi,
740 766 854 795 quarum
874 755 1062 794 septemdecim
1086 755 1187 794 priores
1201 754 1233 783 ad
1245 755 1447 794 Olympiadem,
1464 762 1563 783 (ια-101111,
1574 755 1608 784 ad
1622 755 1663 782 di-

126 817 215 835 versos
223 813 284 834 sunt
296 805 394 840 missae‚
410 814 523 842 quorum
538 803 646 831 nomina
658 802 740 830 habes
752 801 920 841 alphabetico
931 801 1023 829 ordine
1032 801 1058 829 in
1071 801 1185 836 Monito,
1197 801 1243 828 ubi
1256 801 1334 829 etiam
1348 812 1468 829 numeros
1479 801 1664 840 Epistolarum

126 852 160 881 :td
172 852 292 890 singulos
307 850 449 878 missarum
458 849 614 888 adjecimus.
630 848 674 876 Ex
684 848 727 876 his
751 855 840 876 autem
854 847 983 886 Epistolis
997 847 1114 885 quinque
1128 846 1163 875 ad
1175 847 1272 875 calcem
1282 847 1384 886 positae,
1399 847 1528 875 nimirum
1539 847 1664 875 ducente-

126 897 193 926 sima
210 896 346 934 trigesima
360 895 481 934 septima,
492 895 562 931 ι258,
581 895 649 929 959,
661 895 730 931 940,
743 901 768 922 et
780 894 847 929 QJA,
858 903 910 921 non
927 893 1123 932 Chrysostomi,
1139 892 1183 921 sed
1197 893 1344 921 Constantii
1360 894 1509 932 presbyteri
1524 900 1596 930 sunt,
1613 893 1664 921 viri

128 944 211 971 sancti
224 949 249 970 et
264 942 458 981 Chrysostomo
473 940 663 977 addictissimi,
681 947 709 968 ut
724 939 753 968 id
765 939 868 968 Monito
880 938 915 967 ad
925 939 1031 967 easdem
1046 945 1103 967 tum
1114 949 1148 967 ex
1161 938 1232 978 stylo
1243 945 1299 966 tum
1311 939 1468 967 auctoritate
1484 939 1590 968 Codicis
1604 940 1664 969 Va—

128 988 211 1017 ticani
222 987 406 1027 probavimus.

167 1033 350 1073 Epistolarum
372 1043 466 1071 agmen
478 1032 579 1061 claudit
595 1032 767 1061 celeberrima
791 1031 838 1060 illa
853 1030 888 1060 ad
907 1030 1052 1059 Caesarium
1074 1029 1234 1058 monachum
1256 1029 1377 1069 Epistola
1396 1041 1455 1068 quae
1466 1037 1505 1058 tot
1515 1037 1666 1059 controver-

128 1081 229 1109 siarum
246 1090 339 1108 ansam
353 1079 481 1118 praebuit',
498 1086 526 1107 ut
540 1079 566 1107 in
580 1079 685 1107 Monito
699 1085 759 1106 ante
775 1078 893 1106 eamdem
905 1077 992 1115 posito
1007 1076 1098 1104 videre
1112 1076 1183 1103 licet.
1200 1075 1269 1103 Eam
1284 1086 1363 1114 porro
1376 1076 1567 1115 Clirysostomo
1579 1076 1667 1104 allatis

129 1126 232 1154 ibidem
246 1125 279 1154 de
289 1125 375 1154 causis
397 1124 612 1163 alijudicavimus
631 1136 636 1151 ε
650 1134 778 1163 speroque
786 1124 842 1162 jam
855 1123 961 1150 nullum
981 1123 1014 1150 de
1028 1122 1130 1150 calculo
1145 1128 1236 1149 contra
1247 1122 1355 1150 serendo
1371 1123 1550 1161 cogitaturum
1562 1133 1624 1151 esse.
1638 1122 1667 1150 Si

130 1172 190 1210 quis
201 1172 284 1208 enim,
298 1171 325 1199 in
340 1170 524 1209 Chrysostomi
539 1170 653 1208 γνησίων
669 1180 780 1208 operum
796 1169 907 1196 lectione
919 1178 970 1195 nou
993 1168 1098 1206 hospes,
1111 1167 1227 1195 conserat
1238 1167 1356 1206 ejusdem
1366 1168 1492 1207 Epistolae
1505 1170 1600 1197 Grzeea
1615 1169 1668 1197 fra-

131 1224 249 1257 gmenta,
261 1227 321 1254 quae
334 1227 405 1244 nunc
419 1216 498 1254 plura
509 1216 679 1253 auctioraque
690 1215 797 1248 damus,
807 1225 867 1242 cum
877 1213 1010 1252 germanis
1021 1213 1203 1252 Clirysostomi
1216 1213 1350 1252 operibus,
1361 1214 1383 1241 is
1395 1214 1468 1242 haud
1479 1213 1562 1242 dubie
1576 1215 1669 1243 fatebi-

132 1271 174 1292 tur
187 1263 290 1292 nullam
304 1262 408 1301 uspiam
419 1269 520 1290 tantam
534 1271 672 1289 occurrere
684 1261 748 1300 styli
759 1260 951 1289 diversitatem.
967 1259 1057 1298 Hujus
1067 1259 1206 1298 Epistolae,
1216 1258 1294 1297 paulo
1309 1265 1448 1297 postquam
1460 1259 1532 1298 typis
1542 1260 1616 1288 illam
1624 1260 1670 1288 dc-

131 1310 234 1347 deram,
243 1308 430 1348 apographum
442 1315 535 1336 nactus
546 1318 605 1336 sum
616 1307 650 1336 ad
666 1307 747 1335 sidem
759 1306 856 1335 veteris
869 1305 1045 1344 Manuscripti
1057 1312 1220 1340 exsumtum,
1233 1316 1266 1333 ex
1281 1304 1368 1332 aliout
1384 1305 1489 1333 videtur
1501 1305 1608 1341 Codice,
1618 1316 1670 1334 non

133 1356 167 1384 ab
177 1366 207 1384 eo
221 1366 255 1384 ex
269 1366 322 1393 quo
333 1354 473 1383 Emericus
486 1354 610 1393 Bigotius
630 1353 817 1392 apographum
832 1351 1015 1390 descripserat.
1035 1351 1103 1390 Ejus
1112 1351 1157 1379 hic
1169 1351 1256 1379 varias
1271 1351 1394 1379 lectiones
1408 1351 1583 1390 perscribam.
1599 1354 1670 1391 Apo-

135 1401 237 1440 grapho
250 1401 306 1428 haec
329 1407 391 1428 nota
411 1399 602 1439 praemittitur:
620 1400 668 1427 Ea:
689 1399 794 1427 Codice
818 1399 1040 1426 membranaceo
1062 1397 1135 1425 liber
1159 1398 1236 1425 beati
1249 1397 1423 1431 Athanasii,
1450 1398 1673 1437 Arcltiepiscopi

137 1447 333 1475 Alexandria>
345 1453 448 1475 contra
456 1448 575 1484 impium
587 1445 800 1484 Apollinarem
808 1445 843 1471 de
854 1443 979 1471 salutari
990 1443 1159 1482 Epiphania
1171 1443 1280 1471 Christi
1292 1444 1505 1471 e.z·l1‹t›redtiate
1514 1444 1674 1472 doctissimi

138 1495 196 1521 ‘viri
208 1492 326 1521 Nicotai
338 1492 372 1520 tle
386 1492 498 1520 meotis
514 1492 550 1520 de
563 1491 726 1525 Florentia,
742 1491 778 1518 de
790 1500 846 1528 quo
862 1489 986 1518 lt'icolao
999 1489 1025 1517 S.
1039 1488 1212 1517 Antoninus
1223 1495 1250 1516 et
1262 1489 1323 1516 alii.
1337 1489 1367 1516 Iu
1384 1488 1433 1517 hoc
1443 1489 1567 1518 videlicet
1577 1490 1674 1518 Codice

139 1537 350 1575 przemittebatur
374 1537 444 1565 liber
459 1537 600 1565 Athanasii
615 1543 706 1565 contra
724 1535 934 1574 Apollinarium,
952 1535 985 1563 de
998 1534 1107 1563 salutari
1120 1534 1235 1563 adventu
1252 1534 1363 1571 Christi,
1384 1535 1429 1572 qui
1447 1542 1485 1563 est
1499 1536 1525 1563 in
1542 1544 1629 1564 nostra
1645 1537 1673 1565 S.

140 1583 280 1612 Athanasii
296 1583 422 1612 Editione
436 1583 504 1611 liber
516 1582 659 1616 secundus,
675 1593 702 1621 p.
717 1582 785 1617 940,
801 1581 865 1619 quia
880 1581 950 1609 liber
963 1581 1007 1609 ille
1021 1580 1165 1618 quamdam
1177 1580 1255 1608 habet
1267 1591 1327 1608 cum
1345 1580 1463 1620 Epistola
1472 1581 1675 1618 affinitatcm7ut

140 1630 167 1658 iu
178 1629 280 1658 Monito
293 1630 319 1657 in
338 1629 487 1668 Epistulam
501 1629 535 1657 ad
551 1628 699 1656 Caesarium
714 1627 843 1657 diximus.
860 1629 923 1656 Post
933 1626 1008 1654 illam
1020 1633 1108 1653 uotam
1118 1625 1236 1663 sequitur
1246 1624 1340 1653 titulus
1356 1637 1362 1653 :
1376 1627 1483 1664 Incipit
1492 1627 1627 1664 Epistola
1642 1628 1674 1654 B.

140 1677 265 1704 loannis
282 1677 407 1714 episcopi
418 1674 739 1712 Constantinopolitani
751 1674 791 1701 ad
803 1674 961 1701 Caesarium
982 1678 1031 1700 etc.
1044 1677 1072 1698 ut
1094 1671 1120 1698 in
1143 1670 1225 1698 Edjto
1240 1677 1329 1698 nostro
1342 1681 1368 1709 p.
1385 1671 1452 1699 749..
1466 1673 1541 1699 Ibid.
1558 1672 1576 1700 l.
1595 1672 1611 1700 5
1627 1685 1633 1700 :
1649 1678 1677 1700 et

141 1724 299 1761 ἀκραιφνῶς,
311 1722 341 1749 id
353 1728 394 1749 est
408 1726 612 1749 consummate.
624 1721 676 1748 Ms.
686 1725 713 1747 et
724 1718 967 1757 ἂκρεφνῶες(5ἰο),
981 1718 1011 1744 id
1024 1718 1277 1755 estconjunctanz;
1292 1716 1401 1744 sortasse
1413 1717 1676 1756 conjunctim.lbid.

142 1768 160 1795 l.
174 1768 204 1803 8,
223 1768 274 1795 Ms.
294 1778 300 1794 z
317 1768 355 1795 Et
369 1767 586 1805 dicassorshan
598 1776 616 1793 ιι
626 1767 720 1804 bejore
731 1766 810 1792 adid
822 1765 900 1804 quod
914 1764 1015 1791 melius
1029 1769 1069 1791 est
1082 1764 1196 1790 venisse
1211 1769 1245 1790 te.
1262 1761 1416 1800 Legendum
1430 1765 1561 1803 apejore,
1572 1770 1597 1792 et
1608 1763 1677 1792 hanc

142 1812 280 1840 lectionem
303 1812 463 1851 praeserrem,
490 1811 540 1839 uisi
564 1811 699 1839 obstarent
714 1810 809 1838 Graeca
832 1820 846 1838 e
859 1806 966 1848 regione
982 1809 1077 1848 posita,
1092 1808 1136 1837 καὶ
1151 1809 1258 1847 φήσειας
1273 1809 1377 1840 πάντως
1401 1810 1429 1836 ἐκ
1449 1809 1550 1845 πλάνης
1570 1810 1634 1848 πρὸς
1648 1810 1677 1838 τὸ

142 1862 259 1896 κρεῖττον
280 1857 441 1892 ἐληλυθέναι.

184 1905 213 1932 P.
231 1905 301 1940 745,
318 1905 351 1941 Α,
367 1903 385 1930 5
398 1904 533 1942 :factam
549 1913 584 1930 ex
595 1903 749 1929 divinitate
760 1907 786 1929 et
802 1909 896 1929 carne.
911 1900 1065 1939 Ms.sacta
1080 1911 1095 1928 e
1114 1900 1222 1928 deitate
1243 1906 1270 1928 et
1291 1902 1396 1928 carnis.
1412 1901 1444 1936 Α,
1458 1903 1488 1930 11
1507 1913 1512 1928 :
1529 1902 1678 1940 Unigeniti

145 1951 326 1987 imaginatur
338 1949 450 1976 deitati.
462 1949 514 1977 Ms.
535 1949 685 1986 unigeniti
697 1949 894 1986 imaginamur
910 1947 1022 1974 deitati.
1045 1946 1076 1982 B,
1087 1947 1103 1973 7
1120 1957 1125 1973 :
1141 1947 1344 1974 Verumtamen
1359 1956 1410 1974 nos
1424 1947 1609 1975 recordantes
1622 1954 1678 1975 tute

146 1997 295 2023 nobiscum
310 1996 549 2023 conversationis.
560 1995 612 2022 Ms.
630 1994 836 2022 Verumtamen
859 2003 910 2021 nos
926 1991 1111 2020 recordantes
1133 1993 1203 2019 bene
1219 1992 1366 2020 nobiscum
1385 2002 1444 2019 sate
1457 1994 1581 2021 rationis
1591 2005 1598 2019 :
1610 1993 1681 2021 malo

144 2039 286 2067 lectionem
306 2039 393 2067 Editi.
406 2040 436 2074 C,
449 2042 483 2068 a:
499 2041 686 2079 manifestam
707 2041 930 2067 ostentationem
948 2039 1061 2077 facere.
1082 2039 1133 2066 ΜΞ.
1155 2040 1342 2077 manifestam
1360 2039 1551 2067 ostensionem
1561 2040 1677 2078 facere,

147 2085 254 2118 melius,
268 2084 338 2112 etsie
351 2094 398 2111 nos
410 2084 438 2112 in
452 2091 513 2112 nota
527 2085 647 2113 diximus
659 2084 801 2121 legendum
814 2084 910 2112 videri.

188 2131 218 2159 P.
231 2130 299 2167 744,
317 2131 373 2163 Ast
395 2142 400 2156 :
418 2131 497 2158 Unos
518 2137 615 2158 autem
632 2133 830 2159 communibus
842 2133 905 2159 istis
929 2130 1092 2158 nominibus
1113 2129 1231 2168 quando
1250 2130 1472 2168 dispensationis
1488 2131 1682 2171 confitendum

148 2183 190 2206 cst
205 2176 445 2213 mysterium.Ms-.
461 2186 532 2203 unos
552 2182 649 2203 autem
663 2178 861 2204 communibus
881 2178 942 2204 istis
959 2178 1001 2204 titi
1018 2182 1128 2214 oportet
1143 2177 1308 2205 nominihus
1322 2179 1440 2215 quando
1460 2178 1684 2216 dispensationis

148 2222 347 2261 confitendum
360 2227 403 2249 est
419 2222 600 2257 mysterium.
613 2221 854 2249 Evidemissimum
866 2229 903 2250 est
914 2222 982 2250 hanc
998 2232 1053 2250 csse
1067 2232 1158 2251 veram
1173 2222 1323 2259 lectionem,
1341 2223 1362 2251 si
1379 2234 1428 2262 pro
1440 2233 1511 2251 unos
1523 2222 1611 2261 legaS,
1623 2223 1684 2252 Nos

149 2274 246 2296 autem
261 2268 459 2296 communibus
483 2268 546 2295 istis
561 2267 605 2295 uti
623 2273 731 2305 oportet
755 2273 802 2294 etc.
820 2267 982 2305 Paulopost:
1001 2268 1031 2295 id
1047 2268 1124 2306 quod
1143 2267 1343 2305 blasphemum
1365 2275 1407 2296 est
1425 2274 1452 2296 et
1472 2270 1617 2296 immane:
1635 2269 1687 2297 sed

149 2314 180 2341 in
195 2313 319 2341 aliorum
335 2313 475 2340 lzoeresum
487 2312 642 2340 declinasti
654 2313 839 2350 impietatem.
851 2314 903 2340 Ms.
918 2312 948 2338 id
968 2312 1047 2350 quod
1062 2312 1259 2350 blasphemum
1274 2318 1315 2340 est
1328 2318 1356 2340 et
1370 2314 1402 2340 in
1418 2313 1563 2340 ,MannetP
1579 2313 1631 2341 sed
1654 2314 1686 2340 in

150 2359 276 2387 aliorum
289 2359 429 2386 haeresum
442 2358 597 2386 declinasti
613 2359 801 2395 impietatem.
818 2357 880 2385 Haec
895 2356 1072 2395 Mauuscripti
1082 2356 1160 2385 lectio
1172 2356 1233 2384 licet
1245 2356 1350 2393 vitiata,
1365 2357 1465 2395 Bigotii
1476 2357 1614 2386 lectionem
1626 2368 1687 2387 con-

151 2403 259 2432 firmare
270 2403 378 2433 videtur
394 2415 399 2430 :
414 2410 438 2432 et
451 2405 481 2431 in
494 2404 624 2432 Manetis
636 2409 663 2431 et
676 2405 707 2430 in
722 2403 847 2431 aliorum
858 2403 999 2431 haeresum
1014 2403 1170 2431 declinasti
1188 2405 1372 2441 impietatem,
1390 2414 1469 2441 quain
1483 2410 1547 2442 puto
1562 2404 1687 2432 sincerio-

152 2460 218 2477 rem.
234 2451 267 2485 A,
281 2451 312 2477 11
332 2461 338 2476 :
353 2455 381 2477 et
390 2450 533 2487 quomodo
544 2450 689 2477 Dominus
711 2448 792 2477 dicit.
808 2449 859 2476 Ms.
871 2455 898 2476 et
918 2448 1038 2487 quando
1050 2449 1199 2477 Dominus
1213 2449 1294 2477 dicit.
1305 2448 1339 2485 Β,
1352 2450 1364 2476 1
1383 2460 1389 2476 e
1403 2449 1504 2488 Neque
1512 2452 1588 2477 enim
1600 2461 1635 2478 αι·
1644 2452 1688 2478 in-

153 2496 300 2523 habitanti
314 2495 547 2534 defraudabatur
557 2495 675 2522 deitate.
686 2494 740 2521 Ms.
755 2504 845 2532 neque
855 2496 932 2522 enim
953 2505 988 2522 er
1005 2494 1059 2521 hoc
1073 2495 1110 2521 ab
1132 2495 1312 2522 inhabitanti
1326 2494 1560 2533 defraudabatur
1569 2496 1686 2524 deitate.

153 2540 198 2568 Sic
213 2540 292 2569 ctiam
304 2540 368 2578 legit
380 2539 513 2578 Bigotius,
527 2547 555 2568 ut
565 2539 664 2568 ibidem
672 2539 870 2577 annotavimus,
881 2546 905 2568 et
915 2539 970 2568 haec
986 2539 1063 2569 lectio
1078 2539 1172 2569 melior
1186 2551 1240 2569 esse
1251 2539 1365 2570 videtur.
