1843 2810
208 173 277 216 432
521 184 549 206 s,

208 255 286 273 scere
300 245 440 283 populum
454 251 534 272 tuum
542 267 551 279 ,
563 251 591 273 et
607 245 725 273 domum
740 247 832 283 patris
853 246 895 272 tui
909 256 917 270 .-

209 297 236 318 et
250 292 432 329 concupiscet
449 301 500 318 rex
517 291 647 319 decorem
663 297 751 319 tuum.
769 289 872 318 Deinde
890 296 919 318 ut

208 336 306 371 discas,
316 347 376 364 eum
391 336 435 364 hie
449 336 517 365 nihil
531 336 654 364 sensibile
664 336 760 372 dicere,
770 347 831 364 cum
841 335 920 364 audis

210 383 447 422 pulchritudinem,
455 393 487 411 ne
497 383 587 411 oculos
598 390 683 422 putes7
691 393 741 410 non
752 393 855 417 nasum,
866 393 919 410 non

577 184 715 207 JOANMS
741 184 920 206 cumsosr.
952 183 1106 205 Attenuat).
1135 183 1400 205 CONSTANTINOP-

972 244 1068 272 τούτων
1085 244 1207 272 ἁπάντων
1222 244 1457 283 εὐχαριστήσωμεν
1477 245 1515 282 τῷ
1536 245 1614 282 Θεῷ,
1630 244 1666 281 τῷ
1688 244 1733 271 ὂο·

972 292 1047 330 τῆρι,
1062 290 1101 318 ὅτι
1117 292 1186 329 αὐτῷ
1201 290 1294 329 πρέπει
1311 290 1381 329 μόνῳ
1403 289 1476 324 δόξα,
1489 289 1571 327 τιμὴ,
1589 289 1682 327 κράτος
1697 291 1733 320 εἷς

973 336 1030 369 τοὺς
1046 337 1141 369 αἰῶνας
1152 338 1202 365 τῶν
1219 336 1330 365 αἰώνων,
1344 336 1436 373 Ἀμήν.

210 441 249 467 os,
265 441 317 458 non
333 430 431 458 collum
444 441 453 467 3
469 429 515 458 sed
530 429 663 468 pietatem,
679 428 768 463 tidem,
783 428 919 456 caritatem

64 490 127 510 Psal.
147 486 184 517 44,
211 487 270 514 quae
282 476 353 504 intus
367 482 442 503 sunt:
458 477 559 503 Omnis
573 475 642 503 enim
656 474 835 513 glor·iafilioe
846 477 919 512 regis

60 528 82 549 9·
213 524 250 550 ab
263 524 351 551 intus.
363 522 414 549 Pro
428 521 470 548 his
484 531 546 549 vero
560 520 684 548 omnibus
698 520 796 558 gratias
809 530 920 558 agamus

212 569 268 596 Deo
292 568 389 596 horum
411 567 514 602 datori,
529 566 590 604 quia
618 566 707 604 ipsum
734 566 822 593 solum
847 565 921 594 decet

211 614 294 653 gloria
304 637 310 649 ‚
323 613 423 649 honor,
441 612 584 651 imperium
600 611 626 639 in
641 611 737 639 saccula
753 611 920 639 saeculorum.

212 662 304 688 Amen.

342 1003 388 1037 IN
417 1001 653 1038 IIOMILIAM
680 1001 781 1036 CUM
807 997 1103 1034 SATURNINUS
1129 999 1192 1032 ET
1220 996 1530 1039 AURELtANOE,
1552 1010 1625 1031 erc.

254 1122 328 1150 Hanc
348 1120 488 1148 homiliam
502 1119 608 1147 duabus
623 1118 759 1157 prioribus
777 1117 810 1145 de
824 1115 956 1155 Eutropio
970 1114 1179 1143 subnectendam
1192 1124 1256 1150 esse,
1271 1114 1329 1153 ipsa
1343 1124 1434 1142 rerum
1453 1112 1532 1141 series
1553 1112 1656 1140 suadet.
1669 1113 1738 1139 Cum

215 1166 284 1195 enim
305 1167 406 1195 Gainas
421 1172 480 1205 post
495 1165 675 1204 impetratam,
692 1163 791 1203 partim
805 1163 844 1196 vi,
860 1162 957 1201 partim
970 1161 1047 1195 dolo,
1058 1160 1181 1199 Eutropii
1198 1160 1303 1188 ruinam
1318 1159 1524 1199 perniciemque,
1541 1157 1700 1197 petulantior
1712 1158 1737 1185 in

213 1213 270 1241 dies
281 1211 451 1249 evaderet,eo
462 1211 569 1239 demum
580 1210 753 1249 impudentiae
764 1208 903 1248 processit,
914 1215 943 1236 ut
955 1208 1037 1236 armis
1049 1207 1184 1246 copiisque
1196 1207 1349 1241 instructusy
1359 1205 1493 1235 Saturnini
1507 1212 1531 1233 et
1542 1204 1738 1242 Aureliani‚qui

216 1259 283 1287 inter
297 1257 405 1297 Imperii
420 1268 541 1296 proceres
552 1257 713 1293 eminebant,
725 1256 811 1295 capita
824 1254 986 1294 deposceret⁷
996 1264 1042 1282 uec
1053 1253 1103 1282 nisi
1116 1253 1165 1281 liae
1176 1253 1327 1281 conditione
1338 1263 1365 1280 se
1376 1262 1449 1280 arma
1460 1251 1607 1290 positurum
1624 1260 1677 1278 esse
1688 1250 1738 1277 mi-

216 1306 353 1334 nitaretur.
371 1303 501 1332 Arcadius
521 1314 585 1331 vero
600 1304 767 1342 Imperator,
779 1302 825 1340 qui
840 1302 874 1329 ob
897 1300 1018 1328 inertiam
1034 1307 1186 1338 metumque
1201 1300 1287 1328 cuivis
1302 1299 1405 1338 injuriae
1420 1305 1586 1337 opportunus
1600 1303 1668 1331 erat,
1683 1307 1738 1324 rem

214 1351 390 1389 quantumvis
407 1350 545 1388 indiguam
556 1349 687 1388 denegare
701 1359 753 1377 non
769 1359 857 1383 ausus,
873 1354 958 1376 tantos
974 1347 1046 1374 viros
1059 1346 1094 1374 ad
1111 1357 1199 1374 necem
1215 1345 1364 1374 traditurus
1376 1351 1430 1372 erat
1445 1356 1452 1377 ;
1470 1343 1519 1372 nisi
1534 1343 1736 1382 Chysostomus‚

216 1404 307 1437 utpote
317 1396 466 1425 communis
478 1396 599 1424 omnium
612 1402 695 1434 pater,
711 1394 748 1423 sic
760 1394 805 1422 ille
814 1394 929 1422 Gainam
941 1393 1058 1427 adiisset,
1067 1392 1277 1426 Obambnlans,
1297 1390 1392 1428 inquit,
1405 1390 1738 1426 etz-hortanssthtestans,

216 1444 432 1482 supplicans,11t
450 1453 469 1470 a
490 1443 615 1470 dominis
627 1452 663 1470 ea
678 1441 833 1469 calamitas
848 1440 1053 1478 depelleretur;
1065 1438 1142 1476 idque
1156 1437 1265 1466 demum
1278 1447 1292 1464 a
1307 1436 1420 1464 barbaro
1435 1436 1610 1474 impetrasset,
1630 1441 1658 1462 ut
1677 1434 1740 1462 satis

217 1490 325 1518 haberet
346 1489 367 1517 si
380 1488 541 1517 Saturninus
561 1494 586 1515 et
606 1487 765 1515 Aurelianus
782 1486 808 1514 in
821 1486 945 1514 exsilium
960 1485 1135 1513 mitterentur.
1149 1483 1180 1512 ld
1196 1482 1292 1511 accidit
1305 1493 1374 1510 anno
1390 1482 1495 1510 circiter
1507 1482 1613 1509 ineunte
1626 1481 1694 1515 400,
1710 1487 1738 1507 ut

217 1535 341 1574 pluribus
365 1534 390 1562 in
404 1534 468 1563 Vita
482 1533 665 1572 Chrysostomi
679 1532 839 1561 narrabitur.
852 1532 913 1567 Quo
929 1538 1033 1571 peracto
1053 1530 1157 1568 negotio
1172 1530 1240 1557 hanc
1255 1530 1409 1557 concionem
1426 1527 1521 1556 habuit
1535 1539 1542 1563 3
1560 1527 1606 1555 ubi
1623 1526 1656 1555 de
1668 1527 1740 1554 Con-

218 1580 450 1620 stantinopolitano
463 1579 629 1617 tumultu‚de
642 1578 825 1607 vicissitudine
838 1578 1015 1606 humanarum
1026 1588 1124 1611 rerum,
1133 1576 1166 1604 de
1177 1575 1334 1603 divitiarum
1346 1575 1462 1603 vanitate
1470 1574 1657 1613 eleganterpro
1668 1583 1741 1600 more

171 1644 206 1662 (ω
217 1638 264 1655 suo
278 1627 394 1655 disserit.
412 1627 578 1665 Paupertatis
601 1625 670 1653 bona
684 1624 860 1664 depraedieat,
878 1631 968 1663 utpote
981 1635 1039 1662 quae
1054 1630 1154 1651 tantam
1175 1628 1279 1661 praestet
1296 1621 1477 1657 securitatem,
1490 1626 1620 1657 quantum
1638 1618 1740 1646 divitiae

216 1673 366 1711 periculum
384 1672 500 1711 pariunt.
516 1673 631 1700 Domum
649 1671 771 1710 exemplo
786 1670 848 1700 Jobi
859 1670 892 1699 ad
909 1670 1070 1699 calamitates
1085 1669 1189 1698 sortiter
1210 1667 1329 1696 serendas
1344 1667 1476 1701 hortatur,
1492 1674 1517 1695 et
1537 1666 1574 1694 sic
1589 1665 1740 1693 concionem

216 1718 324 1747 claudit.

252 1764 349 1793 Incerti
364 1763 607 1803 interpretationem
619 1763 752 1799 Latinam,
765 1762 890 1802 plurimis
905 1763 932 1790 in
946 1762 1012 1790 locis
1027 1761 1203 1796 emendatam,
1218 1771 1232 1788 e
1248 1760 1353 1799 regione
1366 1759 1454 1788 Graeci
1470 1765 1557 1786 textus
1571 1757 1719 1797 posuimus.

470 1951 603 1979 Ηωια
609 1950 664 1985 ῙΛ,

1285 1950 1295 1961 ³
1305 1946 1438 1974 ΟΜΙΑΙΑ

210 2045 282 2072 Cum
297 2044 473 2072 Saturninus
495 2049 522 2071 et
543 2042 728 2071 Aurelianus
751 2043 810 2069 acti
829 2047 923 2069 essent
942 2038 959 2059 Α
974 2039 1041 2068 “Ore
1057 2041 1211 2078 Σατορνῖνος
1232 2040 1276 2068 καὶ
1302 2040 1465 2079 Αὖρηλιανὸς
1487 2040 1672 2080 ἐξωρίσθησαν,
1696 2040 1740 2068 καὶ

248 2092 278 2117 in
295 2090 440 2123 exsilium,
452 2095 478 2117 ec
497 2089 610 2117 Gainas
624 2097 754 2127 egressus
765 2093 837 2116 esset
854 2098 869 2115 e
883 2088 924 2115 ci-

250 2137 360 2168 vitate;
374 2141 399 2163 et
411 2136 446 2162 de
457 2136 594 2162 (warina.

250 2230 274 2255 Ι.
292 2226 379 2255 Multo
391 2233 509 2265 tempore
526 2225 601 2262 silui,
615 2232 639 2254 et
654 2233 713 2265 post
726 2226 836 2264 longum
851 2233 922 2254 tem-

209 2273 282 2312 poris
302 2272 419 2311 spatium
443 2271 478 2299 ad
501 2271 639 2299 caritatem
664 2278 780 2299 vestram
803 2282 924 2301 reversus

210 2329 269 2347 sum
281 2330 287 2345 :
299 2328 393 2347 verum
406 2317 435 2345 id
449 2327 500 2345 non
513 2316 613 2345 accidit
628 2316 681 2344 ulla
692 2317 733 2345 vel
746 2317 827 2345 animi
838 2329 924 2346 socor-

213 2365 258 2394 dia
268 2387 275 2401 ‚
289 2364 332 2393 vel
355 2363 474 2402 corporis
490 2362 593 2390 desidia
607 2385 615 2399 7
641 2362 686 2390 sed
701 2363 775 2390 abfui
794 2364 925 2392 tumultus

213 2420 384 2450 eotnponenS,
403 2409 499 2437 ssuctus
513 2415 593 2445 atquc
615 2414 797 2446 tempestatem
814 2409 924 2437 sedans:

214 2468 309 2496 eosque
326 2455 371 2494 qui
391 2456 446 2494 jam
466 2453 584 2491 demergi
599 2460 748 2492 coeperant,
765 2454 800 2483 ad
817 2462 923 2493 portum

253 2571 262 2581 ³
279 2561 375 2585 Collata
390 2570 444 2585 cum
459 2561 502 2584 Ms.
515 2561 574 2591 Reg,
590 2560 660 2585 ¹974.

998 2088 1091 2119 Ιάϊνδίς
1106 2086 1195 2121 ἐξῆλθε
1210 2088 1256 2121 τῆς
1268 2086 1369 2118 πόλεως
1381 2097 1387 2104 ·
1404 2086 1452 2114 καὶ
1467 2086 1527 2124 περὶ
1541 2086 1721 2125 φιλαργυρίας.

1016 2224 1101 2254 Πολὺν
1117 2225 1227 2263 ἐσίγησα
1240 2224 1344 2264 χρόνον,
1357 2224 1401 2253 καὶ
1414 2224 1458 2253 διὰ
1473 2227 1573 2264 μακροῦ
1586 2224 1666 2253 πάλιν
1676 2225 1740 2263 πρὸς

976 2271 1022 2307 τὴν
1037 2270 1165 2310 ὑμετέραν
1182 2272 1328 2304 ἐπανῆλθον
1350 2270 1456 2309 ἀγάπην
1467 2281 1473 2287 ·
1496 2271 1554 2298 ἀλλ’
1578 2271 1606 2298 οὗ
1623 2270 1738 2310 ῥᾳθυμία

975 2318 1026 2346 τινὶ
1040 2318 1085 2346 καὶ
1097 2318 1164 2355 ὄκνῳ
1176 2316 1298 2354 σώματος
1308 2340 1314 2350 ,
1326 2316 1393 2345 ἀλλὰ
1405 2316 1452 2348 τὰς
1465 2315 1583 2355 ταραχὰς
1595 2317 1739 2346 καταστέλ-

975 2366 1038 2399 λων,
1047 2364 1080 2392 τὰ
1092 2363 1198 2401 κύματα
1215 2362 1349 2400 κοιμίζων,
1361 2362 1404 2390 τὸν
1416 2364 1534 2401 χειμῶνα
1553 2363 1739 2401 διορθούμενος,

976 2410 1036 2442 τοὺς
1049 2413 1227 2448 ναυαγοῦντας
1241 2408 1418 2447 ἀνιμώμενος,
1431 2409 1491 2441 τοὺς
1505 2409 1656 2446 γινομένους
1675 2411 1738 2438 ὓπο-

980 2456 1101 2494 ῧρυχίους
1124 2456 1187 2495 πρὸς
1212 2454 1306 2492 λιμένα
1336 2454 1380 2483 καὶ
1404 2455 1520 2492 γαλήνην
1542 2457 1740 2494 χειραγωγῆσαι
