1823 2789
221 143 237 152 .-

199 154 264 177 132
516 156 544 178 S.
573 157 711 179 JOANms
737 156 916 179 CHRYSOST.

193 226 242 255 pro
254 216 352 245 virtute
362 215 528 245 subeundos
522 217 535 236 ἴ)
545 227 567 245 si
562 217 610 246 'ad
619 217 783 246 audiendum
790 217 909 245 illibcia-

191 261 230 290 les
242 261 306 290 adeo
315 262 398 290 simus
406 273 436 290 ac
450 262 562 298 sordidi,
572 263 642 291 unde
659 274 705 291 nos
729 263 763 290 ad
775 261 909 300 agendum

192 302 350 340 promtiores
361 302 416 330 fore
431 303 582 331 constabit?
597 303 619 331 si
641 302 714 340 quod
740 302 845 330 facilius
870 308 910 330 est

192 349 357 385 omittamus,
376 350 509 388 quomodo
525 349 596 390 quod
611 349 749 378 difficilius
770 356 808 377 est
822 349 908 388 perfe-

191 395 301 423 remus:³
315 398 350 424 At
364 396 434 424 enim
442 397 531 424 multae
542 395 660 424 suntloci
671 391 907 433 angustiaesmulta

192 440 329 470 violentia.
360 441 432 470 Audi
453 452 522 477 sane,
549 441 622 479 quod
642 451 756 479 regnum
781 440 907 468 caelorum

190 487 295 526 rapiant
308 487 418 517 violenti
440 487 512 525 quod
534 494 605 515 arcta
627 487 660 515 sit
681 493 707 515 et
718 492 830 524 angusta
841 486 887 515 via
898 508 906 523 ,

189 542 248 570 quae
262 532 336 561 ducit
357 533 392 562 ad
405 533 496 562 vitam.
509 531 623 567 Quando
643 532 727 570 igitur
748 542 796 570 per
805 538 906 560 arctam

190 583 361 615 etangustam
382 577 454 607 viani
466 577 625 611 incedimus,
640 587 689 605 nos
704 576 784 604 etiam
803 582 907 615 oportet

191 623 319 661 nosipsos
333 630 465 652 coarctare
478 629 503 651 et
518 623 702 661 comprimere,
715 628 745 650 ut
761 628 861 651 arctam
881 628 906 650 et

12 669 14 674 '
39 677 125 698 Mam„
145 674 331 706 11‚angustam
354 667 483 696 conficere
504 667 576 696 viam
598 667 740 705 possimus.
775 667 844 694 Nam
859 666 906 704 qui

42 713 116 759 {Emi
130 746 142 753 .
156 738 168 769 4
191 714 310 752 seipsum
324 713 430 749 dilatat,
447 724 498 742 non
523 713 559 741 ita
574 713 650 741 facile
672 713 744 741 viam
765 718 906 751 angustam

121 754 152 768 '²'
174 755 343 798 'pereni-ret,
357 759 405 787 sed
417 759 463 797 qui
473 759 590 798 seipsum
613 758 734 796 cohibet,
753 756 907 796 comprimit

189 811 215 832 et
229 804 395 842 constringit.

228 858 258 884 Ξ.
281 857 374 894 Neque
384 855 455 884 euim
469 855 503 884 de
520 856 600 885 rebus
614 855 768 884 trivialibus
780 854 904 893 quaestio-

188 911 247 929 nem
262 901 392 929 habemus
400 901 490 936 hodie,
501 901 548 930 sed
557 901 590 930 de
600 912 628 929 re
634 911 693 939 quae
705 900 784 940 coepit
795 900 905 938 quidem

188 946 310 975 hesterno
324 946 368 975 die
381 947 504 986 proponi,
519 957 570 975 non
590 947 679 986 potuit
705 944 794 974 autem
808 946 906 974 solutio

187 992 340 1030 quaestionis
354 993 454 1027 afferri,
471 1000 578 1032 propter
587 1003 676 1021 eorum
692 991 904 1029 multitudinem,

58 1058 178 1079 Nominum
188 1048 247 1075 quse
256 1039 360 1066 fuerant
370 1038 396 1066 in
406 1038 525 1066 medium
539 1038 653 1077 prolata.
666 1037 738 1072 Quid
749 1037 816 1065 illud
826 1048 905 1076 porro

38 1090 128 1125 murano
189 1083 245 1112 est?
260 1085 301 1112 De
315 1084 454 1112 nominum
466 1084 636 1123 impositione
646 1083 756 1121 quaestio
769 1090 833 1118 erat,
846 1093 904 1120 quae

37 1124 123 1171 “¹¹:322-
145 1120 178 1140 sa-
188 1130 261 1158 Deus
274 1130 371 1157 sanctis
395 1129 532 1168 imposuit.
549 1130 605 1158 Res
628 1135 717 1157 autem
741 1128 790 1156 ista
818 1128 904 1156 tenuis

187 1175 294 1204 videtur
312 1185 379 1211 esse,
396 1175 417 1202 si
429 1175 488 1212 quis
498 1174 604 1202 audiat:
624 1174 740 1201 multum
758 1183 820 1201 vero
835 1184 901 1201 con-

186 1221 251 1249 tinet
263 1221 428 1256 thesaurum,
439 1220 460 1248 si
470 1219 529 1257 quis
537 1219 679 1257 diligenter
689 1219 815 1247 attendat.
833 1220 902 1248 Nam

186 1273 211 1294 et
222 1277 329 1294 auream
343 1273 450 1301 terram,
468 1276 526 1303 qum
542 1265 568 1293 in
583 1264 680 1293 fodinis
696 1265 834 1303 reperitur,
846 1265 900 1292 im-

187 1312 277 1351 periti,
291 1319 315 1340 et
330 1311 376 1349 qui
390 1311 555 1349 negligenter
574 1310 719 1350 aspiciunt,
737 1317 835 1338 terram
850 1321 902 1338 nu-

184 1357 247 1385 dam
255 1357 341 1385 solum
347 1367 402 1385 esse
412 1363 517 1395 putant,
529 1366 614 1393 neque
625 1355 771 1394 quidquam
785 1356 901 1394 amplius

185 1402 294 1437 habere,
310 1413 391 1440 quam
417 1402 496 1429 aliam
515 1401 641 1439 quamvis
657 1413 662 1427 :
680 1400 726 1438 qui
749 1411 812 1430 vero
836 1401 900 1429 artis

184 1448 268 1476 oculis
283 1447 357 1475 illam
372 1447 549 1484 considerant,
563 1446 638 1475 istius
646 1453 721 1475 terrae
735 1447 900 1476 nobilitatem

946 156 1101 179 ARCfflEP.
1130 157 1396 182 CONSTANTtNOP.

965 220 981 251 ἡ
997 218 1080 250 ὁδὸς(
1067 230 1083 253 τ,
1096 218 1234 257 ἀπάγουσα
1260 222 1295 253 εἷς
1305 220 1352 256 τὴν
1377 221 1454 256 ζωήν.
1473 221 1551 251 Ἐπεὶ
1574 228 1616 252 οὐν
1638 227 1729 261 στενὴν

927 265 946 286 Ι)
964 262 1191 301 καὶτεθλιμμένην
1202 265 1258 294 ὁδὸν
1275 267 1448 323 βαδιζομεν,
1434 271 1472 295 οεῖ
1486 270 1557 305 ἡμᾶς
1566 270 1611 297 καὶ
1626 271 1732 304 ἑαυτοὺς

965 315 1136 348 στενοχωρεῖν
1162 323 1206 339 και
1230 311 1337 349 θλίίειν,
1359 313 1400 341 ἵνα
1425 315 1574 352 δυνηθωμεν
1602 316 1730 345 διοόεῧσαι

963 354 1011 389 τὴν
1022 355 1113 390 στενὴν
1127 356 1172 384 καὶ
1183 358 1356 396 τεθλιμμένην
1368 359 1434 388 ὁδόν.
1450 360 1483 388 ‘O
1494 361 1544 399 γὰρ
1555 362 1728 398 ε’μπλατῦνων

963 400 1064 436 ἑαυτὸν,
1079 402 1126 430 οὐκ
1148 401 1178 429 ἂν
1203 402 1270 431 οὕτω
1295 403 1388 442 ῥαδίως
1407 405 1455 440 τὴν
1480 406 1658 444 ἓστενωμένην
1671 408 1728 436 ὁδὸν

963 446 1117 484 διαδράμοι,
1139 447 1198 476 ἀλλ’
1212 449 1226 475 ὁ
1240 449 1365 487 συνέχων,
1381 450 1425 478 καὶ
1444 451 1549 488 (meon,
1561 452 1605 480 καὶ
1624 452 1730 486 πιέζων.

999 851 1067 879 Οὐδὲ
1083 851 1133 891 γὰρ
1145 853 1204 892 περὶ
1218 854 1270 881 τῶν
1282 854 1413 893 τυχόντων
1427 855 1496 884 ἐστὶν
1511 857 1574 894 ἡμῖν
1588 859 1604 891 ἡ
1621 856 1727 892 ζήτησις

959 897 1081 936 τήμερον,
1095 899 1153 926 ἀλλ’
1175 898 1240 938 ὑπὲρ
1255 899 1403 937 ζητήματος
1414 900 1461 935 τὴν
1478 901 1561 940 ἀρχὴν
1574 901 1620 940 μὲν
1635 903 1727 932 λαὸόν-

958 954 1002 975 τος
1013 943 1088 981 χθὲς,
1104 944 1151 978 τὴν
1166 944 1193 972 δὲ
1208 945 1281 973 λύσιν
1297 945 1333 983 μὴ
1348 946 1474 979 λαὸόντος
1487 947 1529 975 Ιδιὰ
1542 948 1572 976 τὸ
1582 947 1668 976 πολλὰ
1679 960 1726 986 γε-

960 988 1048 1017 νέσθαι
1066 988 1099 1017 τὰ
1116 990 1306 1029 προὸληθέντα.
1323 991 1358 1020 Τί
1374 991 1404 1026 δὴ
1426 992 1502 1021 τοῦτό
1516 995 1586 1028 ἔστι;
1600 993 1667 1032 Περὶ
1680 996 1727 1028 τῆς

959 1036 1010 1062 τῶν
1029 1035 1162 1072 ὀνομάτων
1185 1036 1278 1068 θέσεως
1299 1038 1448 1075 ἐζητοῦμεν,
1471 1038 1538 1077 ἅπερ
1550 1038 1661 1072 ἐπέθηκε
1674 1043 1727 1071 τοῖς

959 1079 1040 1125 ἁΝγίοις
1057 1082 1069 1108 ὁ
1092 1081 1168 1113 Θεός.
1183 1083 1268 1110 Τοῦτο
1289 1082 1315 1110 δὲ
1330 1083 1360 1111 τὸ
1381 1088 1493 1121 πρᾶγμα
1508 1085 1577 1112 δοκεῖ
1590 1084 1635 1122 μὲν
1650 1084 1725 1124 ψιλὸν

959 1127 1024 1153 εἰναι
1034 1125 1075 1160 ,εἴ
1087 1137 1126 1157 τις
1141 1125 1273 1154 ἀκούσειε·
1287 1126 1367 1155 πολὺν
1382 1127 1409 1156 δὲ
1424 1128 1479 1167 ἔχει
1494 1129 1621 1168 θησαυρὸν
1633 1129 1674 1165 ,εἴ
1687 1141 1726 1162 τις

921 1177 939 1199 E
957 1170 1024 1207 μετὰ
1040 1171 1174 1211 οἷκριόείας
1192 1172 1326 1211 προσέχοι.
1340 1173 1394 1201 Και
1411 1174 1462 1212 γὰρ
1474 1174 1522 1209 τὴν
1543 1179 1661 1214 χρυσῖτιν
1676 1178 1725 1214 γῆν

955 1228 1002 1251 τιν
1025 1218 1050 1245 ἐν
1069 1221 1121 1249 τοῖς
1145 1218 1283 1255 μετάλλοις
1298 1218 1420 1255 κειμένην
1435 1222 1459 1247 οἱ
1483 1219 1529 1257 μὲν
1552 1222 1655 1259 ἄπειροι
1680 1233 1725 1250 και

956 1261 1046 1294 ἇπλως
1060 1264 1170 1301 ὁρῶντες
1184 1265 1232 1301 γῆν
1251 1263 1397 1300 νομιζουσιν
1411 1267 1477 1292 εἶναι
1489 1265 1566 1303 μόνον
1578 1266 1668 1305 ψιλὴν,
1679 1266 1724 1295 καὶ

956 1306 1027 1334 οὐδὲν
1041 1307 1150 1336 πλέον’
1136 1319 1206 1346 εχειν
1220 1319 1267 1342 της
1287 1309 1392 1347 ἑτέρας·
1409 1312 1432 1338 οἱ
1456 1310 1483 1338 δὲ
1508 1315 1561 1343 τοῖς
1581 1313 1725 1350 ὀφθαλμοῖς

955 1355 1003 1387 τῆς
1026 1353 1120 1391 τέχνης
1141 1354 1381 1391 καταμανθάνοντες
1400 1355 1472 1385 ἴσασι
1492 1359 1538 1391 τῆς
1557 1359 1607 1395 ,γῆς
1627 1357 1724 1393 ταύτης

955 1398 1002 1432 τὴν
1019 1399 1161 1436 εὐγένειαν,
1176 1399 1219 1427 καὶ
1231 1401 1268 1438 τῷ
1277 1400 1339 1440 πυρὶ
1350 1401 1509 1439 παραδόντες
1521 1404 1601 1437 αὐτῆς
1614 1402 1662 1438 τὴν
1675 1403 1724 1441 βοί-

955 1454 1042 1479 σανον,
1057 1444 1161 1472 ἅπασαν
1186 1446 1265 1479 αὗτῆς
1291 1445 1484 1475 ἓκκαλύπτουσι
1506 1447 1553 1482 τὴν
1580 1449 1722 1487 υπεροχήν.

184 1500 328 1530 noverunt,
338 1500 362 1521 et
377 1493 442 1521 dum
456 1492 554 1521 illam
549 1503 574 1520 1n
589 1493 679 1530 ignem
693 1493 817 1531 injectam
836 1504 898 1532 pro-
909 1513 945 1531 ,ΗΟ
955 1488 1034 1517 Οὕτω
1047 1489 1077 1524 δὴ
1097 1489 1142 1517 καὶ
1156 1489 1199 1518 ἔπι
1217 1493 1268 1519 τῶν
1286 1490 1360 1519 θείων
1384 1493 1506 1531 Ιραφων,
1526 1493 1610 1531 οἱμὲν
1632 1494 1722 1526 ἁπλῶς

182 1540 259 1575 bant,
273 1550 379 1567 omnem
390 1539 463 1567 llllus
477 1538 656 1577 praestantiam
670 1538 840 1577 patefaciunt.
856 1538 901 1567 sie

58 1599 174 1627 Scriptum
185 1585 313 1614 nimirum
326 1585 351 1613 in
362 1585 444 1613 sacris
461 1584 618 1623 Scriptuiis,
635 1584 681 1621 qui
691 1584 833 1612 oscitanter
844 1584 901 1613 lite-

32 1630 101 1650 Sam„
120 1638 174 1658 ‘1¹¹0-
185 1643 227 1660 ias
243 1632 345 1670 legunt,
362 1630 446 1659 nudas
467 1641 522 1658 csse
542 1630 632 1657 literas
658 1629 836 1666 albitiantur,
854 1640 902 1658 nec

34 1661 118 1720 ἓιρουάᾗ
143 1663 175 1682 ¹⁰*
184 1678 299 1717 amplius
312 1676 492 1716 quidquamin
507 1687 535 1704 se
546 1675 678 1704 continere
691 1686 770 1713 quani
783 1682 898 1704 caeteras:

183 1724 229 1762 qui
244 1735 308 1753 vcro
322 1723 385 1751 fidei
400 1722 484 1751 oculis
506 1722 564 1750 illas
577 1721 756 1758 considerant,
770 1721 900 1759 quemad-

183 1769 293 1798 modum
305 1769 345 1797 illi
360 1769 425 1797 artis
437 1767 629 1803 instrumentis,
640 1767 748 1795 illarum
764 1767 901 1806 probatio-

183 1826 244 1844 nem
259 1815 315 1853 igni
327 1814 445 1854 Spiritus
462 1814 667 1847 committentes,
681 1818 767 1841 totum
790 1812 900 1841 illarum

183 1871 279 1889 aurum
297 1860 375 1888 facile
400 1866 515 1887 cernent.
539 1858 619 1887 Unde
641 1858 725 1896 igitur
744 1858 899 1896 quaestionis

184 1906 293 1934 initium
303 1913 340 1934 cst
352 1905 463 1933 ductum
474 1904 486 1932 Ρ
496 1905 586 1941 Neque
597 1903 668 1931 enim
680 1910 777 1931 temere
792 1903 818 1930 in
830 1903 898 1931 hauc

183 1951 402 1990 disceptationem
422 1949 574 1985 incidimus,
587 1960 619 1977 nc
632 1949 693 1987 quis
708 1948 899 1987 intempestiva?

182 2008 229 2025 uos
253 1996 413 2025 curiositatis
431 1995 607 2023 condemnet:
627 1994 684 2031 sed,
708 2005 769 2022 cum
790 2001 897 2033 aposto-

181 2042 233 2070 lica
244 2042 322 2071 vobis
334 2048 392 2069 acta
416 2041 575 2078 legerentur,
596 2040 673 2069 Pauli
689 2040 815 2079 praeclara
833 2040 900 2068 saci-

182 2097 245 2115 nora
260 2097 367 2114 narrare
380 2086 563 2124 cupiebamus,
576 2086 683 2124 jamque
698 2085 814 2113 historia:
839 2085 901 2114 atti-

183 2141 306 2169 geramus
328 2129 479 2164 exordium,
504 2136 528 2157 ct
549 2129 591 2157 his
623 2130 713 2158 verbis
743 2137 899 2170 conceptum

34 2191 80 2215 A„
97 2200 120 2221 9⁴
137 2199 156 2213 ι,
184 2177 291 2205 initium
311 2175 471 2204 narrationis
492 2174 780 2204 {11venimus:saul115
803 2183 901 2204 autem

184 2223 280 2252 adhuc
295 2223 410 2260 spirans
425 2222 520 2248 minas
533 2226 558 2247 et
572 2221 678 2247 coetlem
699 2222 730 2247 in
745 2221 902 2259 discipulos

185 2270 313 2298 Domini.
338 2266 470 2295 Continuo
485 2265 604 2294 turbavit
620 2276 666 2293 nos
687 2265 838 2294 immutatio
854 2277 901 2295 no-

184 2313 264 2342 minis
277 2325 282 2340 :
300 2312 452 2341 invenimus
469 2311 539 2339 enim
555 2310 581 2338 in
594 2310 718 2338 omnibus
733 2311 863 2349 epistolis,
877 2318 902 2340 et

184 2359 327 2388 inillarum
341 2356 458 2386 exordiis
465 2367 515 2384 non
530 2356 718 2390 Saulumeum,
732 2355 778 2384 sed
788 2356 902 2385 Paulum

185 2404 327 2445 appellari,
344 2410 368 2432 ct
382 2403 434 2431 boc
447 2413 499 2431 non
511 2402 537 2430 in
550 2401 602 2430 hoc
614 2402 679 2437 solo,
692 2401 739 2429 sed
750 2408 775 2429 et
794 2402 820 2430 in
832 2402 901 2430 mul-

186 2452 220 2480 tis
231 2451 291 2480 aliis
305 2449 443 2479 accidisse.
460 2449 529 2476 Nam
539 2454 563 2476 ct
578 2449 673 2476 Petrus
685 2447 778 2476 Simon
792 2447 902 2476 diceba-

187 2505 241 2533 tur,
263 2502 289 2525 et
300 2495 351 2524 filii
378 2493 499 2523 Zebedoei
523 2493 640 2523 Jacobus
653 2499 678 2521 et
699 2493 813 2522 Joannes
837 2493 902 2521 Filii

188 2541 298 2572 tonitrui
310 2546 412 2570 mutato
423 2539 519 2569 deinde
534 2538 639 2568 nomine
648 2545 708 2568 sunt
722 2538 825 2569 vocati:
838 2545 861 2568 ct
875 2538 901 2568 in

918 1541 937 1562 x
955 1534 1175 1572 ἀναγινώσκοντες
1190 1535 1223 1563 τὰ
1235 1535 1394 1574 γράμματα,
1407 1538 1552 1592 γράμματα
1567 1541 1631 1567 εἶναι
1643 1539 1722 1576 νομί-

955 1581 1026 1612 ζουσι
1039 1579 1104 1618 ψιλα
1127 1592 1172 1608 και
1188 1583 1239 1608 τῶν
1264 1582 1349 1610 ἄλλων
1372 1582 1449 1610 πλέον
1467 1582 1535 1622 ἔχειν
1550 1584 1642 1613 οὐδέν·
1657 1587 1680 1613 οἱ
1694 1584 1722 1613 δὲ

953 1630 1006 1658 τοῖς
1027 1628 1074 1660 τῆς
1094 1626 1206 1659 πίστεως
1221 1628 1363 1665 ὀφθαλμοῖς
1382 1628 1446 1656 αὐτὰ
1462 1630 1721 1667 καταμανθάνοντες,

954 1670 1072 1710 καθάπερ
1092 1673 1186 1700 ἐκεῖνοι
1204 1676 1256 1705 τοῖς
1278 1672 1325 1708 τῆς
1341 1672 1435 1712 τέχνης
1452 1675 1583 1713 ὀργάνοις,
1597 1676 1661 1715 πυρὶ
1677 1679 1722 1705 τοῦ

955 1717 1111 1754 Πνεύματος
1122 1718 1309 1757 παραδιδόντες
1323 1721 1406 1747 αὐτῶν
1417 1719 1464 1754 τὴν
1476 1719 1600 1756 ἐξέτασιν,
1618 1722 1723 1750 ἅπαντα

953 1762 996 1790 τὸν
1011 1762 1107 1801 χρυσὸν
1126 1765 1210 1791 αὐτῶν
1222 1763 1329 1802 ὄψονται
1343 1764 1445 1804 ῥᾳδίως.
1460 1765 1545 1794 Πόθεν
1561 1761 1603 1794 οἶν
1617 1770 1632 1802 ἡ
1650 1766 1719 1806 ἀρχὴ

952 1810 999 1842 ari<
1020 1808 1153 1843 ζητήσεως
1166 1808 1286 1847 γέγονεν;
1299 1810 1367 1838 Οὐδὲ
1379 1809 1429 1848 γὰρ
1451 1811 1540 1844 ἁπλῶς
1561 1812 1721 1850 ἐνεπέσαμεν

952 1855 988 1886 εἰς
999 1853 1046 1888 τὴν
1059 1854 1240 1892 πραγματείαν
1262 1854 1368 1889 ταύτην,
1383 1855 1424 1883 ἵνα
1437 1856 1473 1893 μή
1498 1868 1537 1889 τις
1551 1859 1627 1894 ἡμῶν
1646 1859 1721 1886 ἀκαι-

953 1899 1009 1939 ρίαν
1020 1900 1204 1938 καταγινώσκῃ
1216 1911 1221 1917 ·
1234 1901 1291 1928 ἀλλ’
1304 1901 1504 1939 ἐπεθυμήσαμεν
1512 1904 1592 1931 εἰπεῖν
1604 1903 1636 1931 τὰ
1647 1904 1721 1933 Παύ-

951 1946 995 1973 λου
1020 1945 1229 1984 κατορθώματα,
1251 1948 1303 1974 τῶν
1329 1946 1446 1985 πράξεων
1461 1949 1513 1975 τῶν
1538 1949 1717 1978 ἀποστολικῶν

951 1992 1010 2028 ὑμῖν
1023 1991 1319 2029 ὑπαναγινωσκομένιιΝ,
1333 2003 1377 2019 και
1390 1993 1515 2048 ἠψαμεθα
1526 2005 1569 2021 του
1581 2006 1717 2031 προοιμιου

950 2039 997 2071 τῆς
1010 2036 1140 2075 ἱστοριας·
1156 2048 1257 2076 ηυραμε
1248 2049 1273 2064 ν
1289 2036 1315 2064 δὲ
1329 2036 1377 2071 τὴν
1392 2037 1475 2076 ἀργὴν
1491 2049 1535 2065 του
1556 2039 1719 2078 διηγήματος

951 2083 1032 2115 οὕτως
1051 2083 1180 2121 ἔχουσαν·
1196 2083 1325 2115 Σαῦλος
1312 2082 1338 2111 οὲ
1362 2082 1400 2111 ἔτι
1416 2083 1533 2120 εμπνέων
1549 2085 1659 2119 ἀπειλῆς
1673 2085 1718 2114 καὶ

917 2137 935 2159 Β
953 2128 1030 2167 φόνου
1049 2130 1084 2160 εἷς
1107 2127 1165 2160 τοὺς
1188 2127 1306 2165 μαθητὰς
1326 2131 1371 2156 τοῦ
1396 2127 1503 2167 Κυρίου.
1525 2129 1629 2163 Εὐθέως
1653 2133 1721 2169 ὑμᾶς

954 2174 1102 2213 διετάραξεν
1116 2176 1132 2209 ἡ
1148 2177 1192 2202 τοῦ
1205 2173 1330 2211 ὀνόματος
1346 2173 1492 2211 ἐναλλαγή·
1507 2174 1658 2214 εὑρίσκομεν
1671 2177 1723 2217 γὰρ

955 2221 980 2248 ἐν
998 2224 1053 2251 ταῖς
1074 2220 1225 2251 ἐπιστολαῖς
1245 2219 1377 2254 ἁπάσαις,
1389 2219 1434 2247 καὶ
1453 2221 1479 2247 ἐν
1502 2224 1555 2253 τοῖς
1576 2223 1723 2260 προοιμίοις

956 2265 1061 2297 ἐκείνοις
1080 2266 1108 2293 οὗ
1124 2266 1226 2293 Σαῦλον
1241 2264 1328 2298 αὐτὸν,
1346 2264 1413 2292 ἀλλὰ
1434 2265 1540 2293 Παῦλον
1552 2266 1724 2305 καλούμενον,

956 2311 1000 2340 καὶ
1011 2313 1087 2339 τοῦτο
1102 2312 1147 2339 οὐκ
1159 2309 1202 2338 ἐπὶ
1215 2309 1306 2338 τούτου
1321 2309 1412 2347 μόνου,
1424 2309 1491 2337 ἀλλὰ
1502 2311 1548 2338 καὶ
1562 2311 1605 2340 ἐπὶ
1621 2314 1723 2342 πολλῶν

956 2356 1051 2397 ἑτέρων
1066 2356 1208 2394 γινόμενον.
1221 2354 1273 2383 Καὶ
1290 2355 1340 2393 γὰρ
1354 2355 1398 2383 καὶ
1414 2357 1427 2383 ὁ
1440 2355 1539 2394 Πέτρος
1561 2356 1653 2395 Σίμων
1665 2358 1721 2387 ἕλε’-

956 2403 1016 2441 γέτο
1031 2402 1082 2441 πρὸ
1100 2401 1207 2436 τούτου,
1229 2400 1273 2428 καὶ
1292 2400 1325 2428 τὰ
1343 2400 1422 2429 τέκνα
1439 2401 1578 2430 Ζεέεδαίου
1595 2403 1720 2437 Ἰάκωὸος

956 2449 1000 2476 καὶ
1021 2448 1143 2482 Ἰωάννης
1165 2447 1224 2475 Υἱοὶ
1247 2448 1355 2485 βροντῆς
1383 2447 1624 2484 μετωνομάσθησαν
1642 2448 1720 2478 ὕστε-

958 2505 1011 2532 ρον,
1023 2494 1066 2522 καὶ
1083 2495 1109 2521 ἐν
1124 2495 1156 2531 τῇ
1172 2493 1280 2530 Παλαιᾷ
1295 2491 1321 2520 δὲ
1335 2491 1364 2519 τὸ
1384 2491 1439 2523 ἔθος
1452 2492 1514 2521 αὐτὸ
1532 2497 1607 2522 τοῦτο
1623 2494 1672 2523 ἴδοι
1684 2508 1722 2528 τις

957 2539 986 2567 ἂν
1005 2540 1044 2568 ἐπ’
1068 2538 1140 2567 ἐνίων
1156 2539 1304 2576 κρατῆσαν·
1320 2536 1365 2565 καὶ
1377 2536 1428 2575 γὰρ
1442 2539 1455 2565 ὃ
1466 2537 1586 2576 Ἀῧραὰμ
1596 2540 1720 2579 πρότερον
