1843 2810
211 194 281 229 700
536 194 563 215 S.
594 193 732 215 JotNMs
760 190 940 213 cttRYSOST.

208 267 270 284 cum
285 266 381 295 corpus
392 255 504 283 mortale
513 262 588 283 nacta
601 255 648 290 sis,
664 261 689 282 ct
706 261 792 282 tamen
809 259 920 281 mortem

209 300 319 340 perinde
343 307 504 337 contemnas,
531 307 560 328 ut
581 301 627 338 qui
653 307 771 328 exteram
795 298 923 332 descrere,

209 353 288 385 atque
302 346 337 375 ad
352 357 427 374 suam
441 346 556 385 patriam
573 345 659 373 redire
672 343 813 372 festinant?
826 353 886 371 cum
897 343 923 370 in

211 391 383 420 acerbissimo
405 391 499 419 morbo
518 390 642 426 verseris,
659 396 684 417 et
708 396 794 417 tamen
817 387 925 416 suavius

209 448 290 475 quam
305 437 351 475 qui
365 437 465 476 optima
489 435 640 464 valetudine
661 445 692 462 ac
709 440 803 472 vegeto
816 442 927 472 corpore

211 489 284 518 sunt,
301 482 392 521 degas,
416 489 445 509 ut
460 492 518 519 quae
532 491 579 508 nec
600 479 768 508 contumeliis
780 477 925 517 dejiciaris,

211 539 259 557 nec
272 528 420 557 honoribus
429 534 474 554 aut
483 526 567 565 gloria
577 525 719 561 attollaris,
732 525 759 553 id
769 524 842 562 quod
855 523 926 552 mul-

210 574 246 602 tis
262 574 463 602 innumerorum
478 571 611 600 malorum
624 581 702 599 causa
719 570 778 604 fuit,
789 571 848 608 qui,
865 579 926 597 cum

210 619 290 647 ctiam
308 618 334 646 in
349 617 490 646 sacerdotii
511 627 620 645 munere
641 617 786 651 trusissent,
801 622 879 653 atque
894 615 927 642 ad

212 671 360 692 extremam
374 669 535 691 senectutem
549 669 573 690 et
589 662 712 690 canitiem
736 660 927 700 pervenissent,

211 709 275 737 hinc
300 707 405 736 tandem
434 713 600 742 corruerunt,
627 717 657 734 ac
680 706 766 735 cuivis
788 712 927 743 tamquam

212 764 352 782 commune
372 752 509 790 quoddam
522 753 657 780 theatrum
670 750 878 791 proponuntur?
894 752 928 778 At

213 799 271 835 tibi,
289 810 347 836 quae
360 805 384 826 et
396 798 492 826 semina
505 808 543 835 es,
562 805 587 826 et
602 798 696 835 gracili
710 796 855 826 admodum
870 807 927 824 cor-

211 855 285 883 pore,
301 851 326 873 ct
345 851 381 872 tot
397 855 427 872 ac
451 850 537 872 tantos
562 844 677 882 impetus
700 842 860 875 sustinuisti,
876 852 927 869 non

212 889 294 919 modo
312 890 351 918 nil
362 890 415 918 tale
423 889 532 925 accidit,
547 889 593 918 sed
611 889 689 918 etiam
698 889 766 928 ipsa,
780 898 812 916 ne
824 887 851 915 id
866 887 928 915 aliis

212 936 304 964 muitis
312 935 452 971 accideret,
462 935 635 974 prohibuisti.
647 937 734 972 Atque
743 934 784 962 illi
793 944 843 961 non
852 933 929 971 longe

213 982 237 1009 in
261 981 451 1009 certaminibus
474 980 619 1019 progressi,
636 990 729 1008 verum
746 979 771 1007 in
787 979 850 1018 ipsis
862 989 929 1018 prze-

213 1025 305 1060 ludiis,
322 1025 449 1064 ipsisque,
473 1031 501 1052 ut
519 1025 553 1052 ita
575 1024 673 1060 dicam,
693 1024 843 1052 carceribus
863 1034 928 1061 pro-

211 1071 328 1099 silientes
337 1070 518 1109 dejectisunt:
532 1077 560 1097 tu
577 1077 664 1097 autem
676 1076 822 1097 extremam
833 1074 930 1095 metam

210 1116 358 1144 sexcenties
370 1116 537 1151 circumiens,
555 1115 581 1143 in
595 1115 709 1151 singulis
727 1114 850 1142 cursibus
867 1113 929 1152 pal-

211 1172 282 1189 mam
307 1161 456 1200 arripuisti,
483 1161 578 1188 mult-is
604 1160 738 1198 variisque
754 1159 930 1187 certaminum

210 1207 351 1245 generibus
365 1206 494 1242 editis3et
510 1205 604 1234 merito
619 1205 739 1243 quidem.
752 1206 843 1242 Neque
858 1204 929 1232 enim

210 1253 236 1281 iu
261 1259 347 1287 aetate,
363 1262 411 1280 nec
429 1252 455 1280 in
475 1261 594 1290 corpore,
620 1250 665 1279 sed
684 1251 711 1278 in
729 1250 821 1278 animo
837 1249 893 1277 solo
904 1257 929 1277 et

209 1299 346 1327 voluntate
359 1297 467 1326 virtutis
483 1296 627 1325 certamina
643 1296 785 1324 constituta
801 1302 872 1323 sunt.
885 1295 930 1323 Sic

212 1351 237 1372 et
251 1343 355 1372 seminat·
368 1353 494 1372 coronam
506 1342 688 1378 obtinuerunt,
702 1348 727 1369 et
737 1341 789 1370 viri
802 1340 928 1380 prostrati

211 1396 273 1416 sunt
287 1401 292 1416 ε
309 1389 347 1417 sic
369 1395 394 1416 et
408 1387 485 1427 pueri
507 1387 631 1416 celebrati
646 1393 717 1422 sunt,
733 1393 758 1414 et
779 1396 853 1414 senes
878 1396 928 1424 pu-

211 1433 275 1462 dore
297 1440 376 1471 atque
399 1433 545 1471 ignominia
559 1431 664 1460 suffusi.
689 1432 800 1470 Semper
818 1430 928 1468 quidem

211 1478 338 1507 admirari
354 1489 403 1517 par
417 1485 455 1506 est
469 1488 512 1506 eos
526 1477 573 1515 qui
596 1477 706 1506 virtutis
724 1475 847 1505 studium
866 1486 928 1504 con-

211 1531 356 1561 sectantur,
373 1531 430 1552 tum
441 1534 503 1553 vero
520 1523 664 1562 praecipue,
687 1533 749 1550 cum
767 1521 859 1549 multis
870 1532 928 1549 eam

185 1589 189 1591 -
211 1570 392 1599 deserentibus
406 1569 517 1608 quidam
538 1568 709 1608 reperiuntur
721 1567 766 1606 qui
782 1578 839 1596 eam
851 1577 928 1596 com-

213 1616 371 1655 plectantur.
391 1615 447 1643 Hoc
463 1614 547 1653 igitur
564 1614 671 1642 nomine
685 1621 710 1642 te
731 1624 837 1651 quoque
856 1624 929 1642 sum-

215 1672 322 1701 mopere
344 1661 473 1689 admirari
497 1671 527 1688 ac
549 1660 683 1699 suspicere
698 1659 832 1693 convenit,
857 1659 929 1697 quod

214 1713 322 1734 cumtot
337 1706 399 1742 viri,
418 1712 456 1733 tot
467 1705 582 1740 semime,
599 1711 637 1732 tot
650 1714 734 1741 senes,
751 1703 797 1741 qui
810 1704 927 1731 maxima

213 1752 322 1780 virtutis
336 1751 532 1780 existimatione
551 1750 689 1786 florebant,
710 1756 782 1787 terga
792 1749 929 1785 verterint,

213 1805 292 1836 atque
303 1804 363 1826 ante
375 1797 495 1825 omnium
511 1796 602 1824 oculos
613 1795 738 1834 prostrati
748 1795 863 1833 jaceant,
877 1805 927 1823 non

213 1855 247 1872 ex
262 1843 363 1882 ingenti
380 1842 444 1870 belli
462 1843 574 1880 impetu,
592 1848 638 1868 aut
661 1840 716 1868 acri
729 1839 847 1868 hostium
868 1850 928 1867 con-

214 1890 299 1925 flictu,
315 1888 362 1917 sed
382 1895 442 1916 ante
456 1897 574 1927 pugnam
595 1885 724 1925 prolapsi,
740 1892 799 1913 ante
818 1885 930 1913 dimica-

215 1935 314 1963 tionem
336 1934 401 1963 victi
416 1944 446 1961 ac
469 1931 620 1972 profligati5
650 1938 678 1959 tu
701 1937 791 1959 contra
812 1937 871 1969 post
893 1937 932 1958 tot

218 1990 320 2019 pugnas
333 1986 358 2007 et
372 1978 510 2007 conflictus
524 1987 576 2005 non
588 1976 667 2004 modo
681 1976 814 2004 malorum
827 1977 932 2014 agmine

217 2027 299 2053 fracta
324 2025 493 2061 confectaque
509 2033 560 2051 non
586 2032 622 2057 es,
637 2020 682 2050 sed
705 2021 784 2049 etiam
804 2021 932 2059 majorem

217 2071 279 2099 inde
303 2070 385 2098 animi
396 2069 517 2107 vigorem
538 2067 682 2105 collegisti,
709 2077 739 2095 ac
758 2066 933 2094 certaminum

218 2118 410 2144 incrementum
434 2114 537 2142 roboris
561 2112 735 2141 accessionem
765 2111 813 2139 tibi
847 2112 933 2140 affert.

220 2161 325 2189 Etenim
339 2170 429 2187 rerum
442 2169 544 2193 carum,
558 2168 623 2196 quas
638 2158 694 2196 jam
706 2167 765 2184 cum
781 2156 862 2184 laude
875 2166 934 2193 ges-

220 2206 287 2241 sisti,
315 2205 441 2233 memoria
457 2211 514 2232 tum
532 2203 630 2231 laetitiae
653 2213 683 2230 ac
699 2202 857 2241 voluptatis,
877 2209 933 2230 tum

219 2250 328 2290 majoris
351 2249 496 2277 alacritatis
519 2258 611 2275 ansam
637 2247 686 2275 tibi
710 2246 871 2285 suppeditat.
896 2249 933 2275 Ac

220 2295 331 2336 proinde
354 2293 522 2332 gaudemus,
548 2293 706 2328 exsilimus,
733 2299 758 2320 et
785 2292 930 2320 laetamur:

218 2352 304 2380 neque
319 2341 388 2369 enim
404 2339 455 2367 lioc
464 2337 577 2366 subinde
599 2345 726 2376 repetere,
739 2344 818 2375 atque
833 2338 933 2376 ubique

219 2386 312 2426 gaudii
324 2385 375 2413 mei
388 2383 526 2412 materiam
537 2382 706 2410 circumferre
717 2382 843 2410 desinam.
858 2384 932 2418 Quo-

218 2433 289 2461 circa
305 2431 326 2459 si
341 2429 459 2458 absentia
475 2435 563 2456 nostra
579 2434 602 2455 te
616 2427 697 2465 angit,
712 2436 739 2455 at
755 2428 873 2456 maxima
881 2429 976 2474 tibi533

218 2477 318 2514 exiis,
344 2486 402 2514 quae
423 2485 484 2503 eum
503 2473 602 2502 virtute
633 2472 751 2510 gessisti,
785 2473 929 2503 consolatio
949 2484 968 2505 Α

945 1815 962 1837 E

251 2566 260 2576 π
279 2558 333 2581 Duo
344 2556 404 2580 Mss.
418 2562 461 2581 τῶν
473 2559 562 2586 ἀγώνων
574 2555 701 2580 διελθόντες.

975 189 1125 211 ᾸΒΏΗῙΕΡ.
1154 189 1420 212 CONSTANTINOP-

977 251 1057 288 μένη,
1070 252 1098 279 οὐ
1113 256 1202 288 τιμαῖς
1217 252 1260 280 καὶ
1275 252 1359 284 δόξαις
1376 251 1549 290 ἐπαιρομένη,
1564 253 1638 279 τοῦτο
1657 250 1687 285 δὴ
1709 250 1739 278 τὸ

979 308 1076 347 μυρίων
1099 310 1203 342 πολλοῖς
1223 309 1304 338 αἴτιον
1329 310 1466 348 γενόμενον
1492 310 1591 343 κακῶν,
1613 307 1637 336 οἳ
1658 307 1702 335 καὶ
1719 308 1745 335 ἐν

978 365 1105 403 ἱερωσύνῃ
1117 366 1310 404 διαλάμψαντες
1319 389 1326 401 ,
1340 366 1385 395 καὶ
1396 367 1459 404 πρὸς
1474 366 1585 404 ἔσχατον
1593 356 1675 403 γῆρας
1688 364 1746 392 ἐλά-

980 433 1070 454 σαντες
1084 422 1129 450 καὶ
1145 423 1293 459 βαθυτάτην
1307 422 1411 458 πολιὰν,
1424 424 1538 451 ἐντεῦθεν
1560 421 1680 455 ὤλισθον,
1703 421 1747 448 καὶ

980 478 1064 506 κοινὸν
1076 479 1228 517 πρόκεινται
1239 485 1292 512 τοῖς
1306 481 1469 519 βουλομένοις
1481 480 1616 519 κωμῳδεῖν
1626 479 1747 517 θέατρονς

981 534 1049 563 Ἀλλ’
1065 539 1080 570 ἦ
1096 536 1174 574 γυνὴ,
1190 538 1233 566 καὶ
1250 540 1398 578 ἀραχνῶδες
1415 538 1583 578 περικειμένη
1597 539 1689 574 σῶμα,
1702 537 1746 564 καὶ

978 593 1105 627 τοσαύτας
1119 595 1257 633 ἐνεγκοῦσα
1275 597 1437 636 προσὸολὰς,
1450 599 1479 625 οὗ
1496 597 1571 635 μόνον
1592 595 1662 624 οὐδὲν
1680 595 1747 623 ἔπα-

978 654 1019 683 <ng
1033 655 1156 687 τοιοῦτον,
1172 653 1239 682 ἀλλὰ
1253 655 1297 682 καὶ
1310 655 1412 694 ἑτέρους
1428 654 1538 687 πολλοὺς
1548 657 1638 683 παθεῖν
1654 652 1747 682 ἐκώλυ-

979 721 1033 742 σας.
1051 711 1172 739 Καὶ-κεῖνοι
1195 711 1241 749 μὲν
1259 712 1316 740 οὐδὲ
1335 713 1413 751 μέχρι
1428 712 1525 740 πολλοῦ
1546 712 1617 738 “τῶν
1640 708 1746 747 ἀγώνων

978 767 1160 806 προελθόντες,
1177 769 1244 798 ἀλλὰ
1257 769 1281 802 ἐξ
1293 770 1376 798 αὐτῶν
1388 772 1439 798 τῶν
1454 769 1608 808 προοιμίων,
1625 767 1670 796 καὶ
1685 768 1748 804 βαλ-

981 824 1049 856 ἕῖδῡς
1062 827 1141 859 αὐτῆς
1150 849 1157 861 ,
1169 828 1203 859 ὡς
1222 828 1312 862 εἰπεῖν,
1326 827 1463 865 ἁλλόμενοι
1486 825 1684 864 κατηνέχθησαν
1697 835 1702 841 ’
1716 823 1748 851 σὺ

980 881 1007 910 δὲ
1023 882 1144 920 μυριάκις
1168 882 1214 918 τὴν
1232 884 1347 923 ἐσχάτην
1370 884 1467 913 νύσσαν
1489 884 1677 923 περιελθοῦσα,
1690 882 1747 909 καθ’

980 940 1088 968 ἕκαστον
1111 940 1205 979 δρόμον
1228 941 1257 969 τὸ
1279 941 1399 980 βραδεῖον
1414 942 1549 980 ἥρπασας,
1564 939 1671 968 ποικίλα
1693 950 1748 966 πα-

980 999 1133 1035 λαισμάτων
1149 999 1332 1036 ἐπιδειξαμένη
1348 1000 1391 1028 καὶ
1405 999 1511 1038 ἀγώνων
1527 997 1581 1031 εἴδη
1594 1008 1599 1014 ·
1615 995 1659 1025 καὶ
1676 995 1748 1033 μάλα

981 1055 1094 1087 εἰκότως.
1110 1055 1179 1085 Οὐδὲ
1192 1055 1242 1094 γὰρ
1258 1058 1284 1085 ἐν
1299 1056 1405 1096 ἡλικίᾳ,
1415 1056 1473 1084 οὔτε
1488 1057 1513 1084 ἐν
1534 1054 1638 1092 σώματι
1651 1051 1683 1080 τὰ
1697 1063 1747 1079 πα-

981 1112 1115 1150 λαίσματα
1134 1114 1180 1146 τῆς
1191 1114 1299 1150 ἀρετῆς,
1315 1114 1372 1142 ἀλλ’
1386 1115 1411 1142 ἐν
1423 1115 1494 1153 ψυχῇ
1508 1112 1573 1151 μόνη
1588 1111 1633 1139 καὶ
1645 1109 1748 1148 γνώμῃ.

981 1170 1061 1199 Οὕτω
1075 1171 1119 1199 καὶ
1133 1175 1252 1208 γυναῖκες
1268 1170 1494 1210 ἐστεφανώθησαν,
1510 1170 1554 1199 καὶ
1576 1169 1664 1207 ἄνδρες
1684 1170 1748 1196 ὓπε-

981 1228 1169 1264 σκελίσθησαν’
1193 1228 1261 1257 οὕτω
1282 1228 1326 1256 καὶ
1347 1228 1437 1260 παῖδες
1459 1226 1684 1265 ἀνεκηρύχθησαν,
1704 1223 1748 1251 καὶ

980 1287 1153 1326 γεγηρακότες
1168 1286 1395 1325 κατῃσχιύνθησαν.
1411 1285 1461 1314 Ἀεὶ
1476 1284 1521 1323 μὲν
1537 1279 1579 1313 οὖν
1595 1283 1646 1322 χρὴ
1666 1281 1678 1298 t,
1688 1285 1747 1311 θαυ-

982 1343 1072 1379 μάζειν
1087 1343 1144 1375 τοὺς
1163 1343 1299 1381 μετιόντας
1312 1342 1416 1382 ἀρετὴν,
1436 1342 1551 1380 μάλιστα
1565 1341 1591 1370 δὲ
1612 1341 1673 1369 ὅταν
1683 1341 1746 1368 πολ-

979 1401 1031 1428 λῶν
1048 1399 1127 1434 αὐτὴν
1143 1399 1347 1434 ἀπολειπόντων,
1363 1399 1486 1438 εὑρεθῶσί
1499 1411 1566 1431 τινες
1582 1399 1662 1433 αὐτῆς
1676 1399 1749 1426 ἀντε-

980 1459 1098 1497 χόμενοι.
1112 1458 1163 1486 Διὰ
1175 1459 1205 1494 δὴ
1223 1463 1298 1488 τοῦτο
1313 1459 1357 1488 καὶ
1369 1459 1416 1494 τὴν
1431 1458 1479 1493 σὴν
1495 1458 1636 1495 ἐμμέλειαν
1649 1458 1749 1495 θαυμά-

982 1518 1033 1549 ζειν
1051 1516 1118 1549 ἅξιον
1134 1519 1190 1554 μεθ’
1207 1517 1368 1555 ὓπερῧολῆς,
1390 1517 1430 1544 ὅτι
1446 1515 1573 1544 τοσούτων
1596 1515 1749 1554 τραπέντων

981 1576 1093 1614 ἀνδρῶν,
1113 1576 1252 1613 γυναικῶν,
1266 1573 1460 1613 γεγηρακότων,
1471 1573 1522 1600 τῶν
1544 1571 1687 1600 δοκούντων
1705 1583 1750 1608 με-

981 1632 1073 1671 γίστην
1093 1632 1224 1671 ὑπόληψιν
1245 1632 1325 1670 ἔχειν,
1339 1631 1444 1659 πάντων
1465 1631 1507 1658 ἐπ’
1531 1630 1589 1668 ὄψιν
1613 1628 1751 1667 κειμένων,

981 1691 1038 1719 οὐδὲ
1059 1693 1088 1719 ἐκ
1111 1693 1209 1725 πολλῆς
1225 1689 1340 1727 πολέμου
1365 1688 1459 1727 ῥύμης,
1480 1687 1537 1716 οὐδὲ
1561 1687 1612 1716 ἀπὸ
1632 1688 1745 1726 σφοδρᾶς

982 1752 1032 1778 τῶν
1048 1751 1147 1790 ἐχθρῶν
1160 1749 1329 1788 παρατάξεως
1339 1770 1346 1782 ,
1362 1747 1429 1776 ἀλλὰ
1444 1747 1495 1785 πρὸ
1507 1747 1638 1784 συμὸολῆς
1653 1746 1750 1775 πεσόν-

980 1819 1042 1841 των,
1054 1807 1104 1847 πρὸ
1115 1808 1269 1845 συμπλοκῆς
1281 1803 1453 1839 ἡττηθέντων,
1466 1804 1530 1838 αὐτὴ
1544 1803 1610 1841 μετὰ
1624 1802 1751 1835 τοσαύτας

984 1865 1071 1904 μάχας
1087 1865 1131 1894 καὶ
1144 1863 1302 1903 παρατάξεις
1313 1863 1340 1891 οὐ
1358 1861 1434 1899 μόνον
1456 1861 1484 1889 οὐ
1504 1859 1750 1898 κατεμαλακίσθης,

984 1928 1039 1956 οὐδὲ
1067 1926 1235 1966 ἐταριχεύθης
1255 1926 1293 1963 τῷ
1316 1924 1410 1958 πλήθει
1432 1925 1483 1951 τῶν
1502 1924 1600 1958 κακῶν,
1617 1921 1685 1950 ἀλλὰ
1707 1922 1751 1950 καὶ

983 1987 1100 2026 νεανιεύῃ
1113 1986 1252 2025 μειζόνως,
1262 1984 1365 2013 καὶτῶν
1380 1983 1513 2022 &moventi-51
1525 1983 1661 2023 προσθήκη
1671 1994 1752 2022 προσ-

987 2051 1068 2086 θήκην
1084 2061 1124 2078 σοι
1138 2048 1241 2077 δίδωσιν
1257 2046 1353 2086 ἰσχύος.
1366 2046 1399 2074 ‘H
1417 2045 1467 2084 γὰρ
1487 2047 1538 2073 τῶν
1554 2045 1603 2080 ἤδη
1619 2048 1752 2084 κατορθω-

987 2108 1080 2136 θέντων
1096 2106 1187 2145 μνήμη
1198 2127 1204 2139 ,
1217 2105 1261 2134 καὶ
1279 2104 1449 2143 εὐφροσύνης,
1466 2103 1511 2132 καὶ
1522 2108 1620 2143 χαρᾶς,
1634 2103 1679 2132 καὶ
1692 2103 1751 2141 μεί-

987 2170 1055 2203 ζονός
1081 2182 1122 2198 σοι
1146 2168 1246 2206 γίνεται
1275 2166 1420 2206 προθυμίας
1444 2166 1571 2198 ὑπόθεσις.
1595 2165 1646 2194 Διὰ
1668 2168 1752 2194 ταῦτα

985 2231 1123 2270 χαίρομεν,
1139 2231 1298 2269 σκιρτῶμεν,
1322 2227 1524 2267 εὐφραινόμεθα·
1539 2228 1567 2255 οὐ
1581 2226 1632 2265 γὰρ
1651 2226 1752 2255 παύσο-

988 2304 1036 2330 μαι
1049 2293 1162 2330 συνεχῶς
1177 2294 1251 2319 τοῦτο
1262 2290 1354 2327 λέγων,
1368 2289 1412 2317 καὶ
1427 2288 1573 2327 περιφέρων
1592 2299 1641 2326 μου
1654 2299 1753 2316 παντα-

985 2356 1033 2392 χοῦ
1049 2356 1095 2388 τῆς
1107 2358 1192 2392 χαρᾶς
1204 2352 1251 2387 τὴν
1266 2352 1396 2381 ὑπόθεσιν.
1406 2351 1492 2379 “ssave
1507 2352 1530 2378 εἷ
1542 2350 1586 2379 καὶ
1598 2353 1611 2379 ὁ
1627 2350 1752 2389 ἡμέτερός

986 2426 1013 2444 σε
1028 2415 1105 2443 λυπεῖ
1121 2413 1271 2453 χωρισμὸς,
1283 2413 1350 2442 ἀλλὰ
1361 2412 1471 2451 μεγίστη
1488 2424 1528 2441 σοι
1543 2413 1608 2447 αὕτη
1629 2413 1680 2440 τῶν
1700 2424 1751 2441 κα-

985 2474 1162 2515 τορθωμάτων
1176 2476 1193 2508 ἡ
1211 2473 1376 2512 παράκλησις
1386 2485 1392 2491 ·
1408 2473 1464 2502 ἐπεὶ
1479 2473 1523 2501 καὶ
1538 2476 1614 2512 ἡμεῖς
1629 2476 1748 2502 τοσοῦτον

1025 2558 1037 2575 b
1055 2553 1125 2578 Idem
1140 2558 1261 2586 θαυμάζειν
1280 2558 1320 2582 τήν
1333 2556 1392 2585 ἰσχὺν
1410 2561 1453 2579 τῶν
1465 2559 1587 2585 μετιόντων
1599 2559 1638 2583 τὴν
1650 2559 1742 2587 ἀρετήν.
