1830 2829
717 191 747 212 1λ
778 190 986 213 lit'Tttot’ttM.

80 252 281 292 κατεμαράνθη·
298 252 359 282 σκιὰ
377 247 423 288 ἧν,
442 252 486 281 καὶ
506 251 676 292 παρέδραμε·
696 254 792 286 καπνὸς
805 249 846 288 ἦν,

79 298 123 327 καὶ
139 298 260 333 διελύθη·
285 298 451 338 πομφόλυγες
478 294 561 334 ιἦσαν,
585 299 628 327 καὶ
657 300 846 339 διεῤῥάγησαν·

78 345 182 383 ἀράχνη
198 340 244 380 ἢν,
258 344 302 374 καὶ
323 344 477 379 διεσπάσθη.
492 344 539 373 Διὸ
558 345 656 380 ταύτην
670 345 717 381 τὴν
732 358 847 384 πνευμα-

78 389 153 424 τικὴν
166 390 240 428 ῥῆσιν
251 388 380 427 ε’πᾴδομεν
389 391 504 428 συνεχῶς
513 389 684 427 ἐπιλέγοντες·
694 392 719 418 Μ
725 390 846 425 αταιότης

1544 187 1615 230 455

898 260 959 282 runt
970 266 976 281 :
986 254 1076 283 sumus
1087 262 1172 291 erant,
1183 262 1208 285 et
1219 256 1305 286 soluta
1315 264 1377 286 sunt
1388 270 1393 285 :
1405 258 1486 286 buil->e
1497 266 1581 292 erant,
1592 268 1616 288 et

897 298 1005 338 dirupta
1014 307 1091 329 sunt:
1104 312 1207 330 aranea·
1217 310 1301 337 eraut,
1310 310 1333 331 et
1344 303 1455 332 lacerata
1464 312 1535 333 sunt.
1547 308 1616 341 Qua-

898 353 1006 385 propter
1013 347 1152 386 spirituale
1160 347 1210 377 hoc
1218 348 1319 377 dictum
1328 349 1486 386 cecinimus,
1496 351 1617 388 frequen-

898 397 937 419 ter
947 390 1063 421 dicentes
1076 405 1081 421 :
1096 393 1219 422 Vanitas
1229 396 1408 431 vanitatum,
1419 402 1444 423 et
1456 398 1554 424 omnia
1563 407 1616 425 va-

79 435 261 473 ματαιοτήτων
271 457 278 469 ,
289 434 334 463 καὶ
345 435 431 463 πάντα
445 435 598 473 ματαιότης.
614 436 722 471 Ταύτην
736 436 786 475 γὰρ
799 436 846 471 τὴν
863 440 881 463 C
899 439 985 466 tillus.
995 439 1050 467 Hoc
1058 438 1127 468 enim
1135 439 1237 468 dictum
1245 440 1272 468 in
1283 441 1440 480 pai-ictibu5‚
1450 442 1475 470 in
1486 442 1615 477 vestibus,

78 481 152 518 ῥῆσιν
165 478 209 508 καὶ
231 480 257 507 ἓν
272 478 380 518 τοίχοις,
395 479 439 508 καὶ
453 481 479 508 ἐν
493 480 622 518 ἱματίοις,
643 480 687 509 καὶ
704 482 731 509 ἐν
747 483 829 519 οἰγορᾶι
840 501 847 514 ,

77 524 122 553 καὶ
147 526 173 553 ἐν
195 524 279 564 οἰκίᾳ,
298 525 343 553 καὶ
363 526 388 553 ἐν
408 526 490 561 ὁδοῖς,
515 525 558 554 καὶ
579 527 605 554 ἐν
626 526 714 566 θύραις
730 547 737 560 ,
761 526 805 554 καὶ
820 527 847 554 ἐν

77 570 198 606 εἰσόδοις,
224 571 268 600 καὶ
288 570 339 610 πρὸ
353 571 458 600 πάντων
478 573 504 600 ἐν
527 574 564 612 τῷ
585 572 695 601 ἑκάστου
721 572 847 601 συνειδότι

77 619 190 656 συνεχῶς
216 617 391 657 ἐγγεγράφθαι
417 618 455 646 δεῖ
462 641 470 653 ,
486 617 530 646 καὶ
545 618 686 650 διαπαντὸς
701 617 782 652 αὐτὴν
798 630 847 655 με-

75 663 161 702 λετᾷν.
187 662 298 698 Ἐπειδὴ
321 666 337 698 ἦ
355 664 405 691 τῶν
425 664 587 703 πραγμάτιον
616 664 722 699 ἀπάτη,
750 663 794 692 καὶ
814 663 847 692 τὰ

74 713 238 747 προσωπεῖα,
253 708 297 737 καὶ
311 711 327 743 ἡ
341 709 489 748 ὑπόκρισις,
505 710 614 744 ἀλήθεια
626 709 698 749 παρὰ
713 713 765 742 τοῖς
780 709 845 737 πολ-

74 755 129 787 λοῖς
143 750 208 783 εἶναι
220 755 289 783 δοκεῖ
301 766 306 772 ·
319 754 417 789 ταύτην
433 756 489 783 καθ’
506 755 619 790 ἑκάστην
632 755 734 794 ἡμέραν
743 777 750 788 ,
765 755 809 783 καὶ
820 756 846 783 ἐν

76 800 186 840 δείπνῳ,
213 800 257 829 καὶ
276 801 302 829 ἐν
322 800 438 839 ἀρίστῳ,
460 800 504 829 καὶ
526 801 552 828 ἐν
567 800 703 838 συλλόγοις
718 800 846 839 ἐπιλέγειν

75 846 184 876 ἕκαστον
204 848 241 885 τῷ
262 845 373 880 πλησίον
397 848 494 885 ἐχρῆν,
518 846 562 875 καὶ
587 846 660 885 παρὰ
673 849 718 874 τοῦ
735 847 847 881 πλησίον

75 892 179 921 ἀκούειν
192 913 199 926 ,
226 891 266 920 ὅτι
292 891 446 926 Ματαιότης
473 892 657 930 ματαιοτήτων
668 914 675 927 ,
702 892 734 920 τὰ
761 892 846 921 πάντα

75 937 228 976 ματαιότης.
248 939 306 967 Οὐκ
321 937 409 976 ἔλεγόν
423 949 463 967 σοι
479 939 610 977 συνεχῶς,
633 938 673 967 ὅτι
689 938 819 977 δραπέτης
834 941 847 967 ὁ

73 984 185 1017 πλοῦτός
202 985 273 1019 ἐστι,
289 982 301 998 ¹'
315 983 353 1012 Σὺ
366 983 392 1011 δὲ
406 986 482 1022 ἡμῶν
497 985 543 1013 οὐκ
555 984 670 1023 ἠνείχου.
685 985 743 1013 Οὐκ
757 984 846 1023 ἔλεγον

898 482 924 510 in
940 483 1007 519 soro,
1025 484 1051 512 in
1066 484 1180 521 sedibus,
1197 485 1222 514 in
1237 486 1307 521 viis,
1321 486 1346 515 in
1358 487 1461 525 januis,
1476 487 1501 515 in
1517 488 1592 517 atriis
1607 501 1612 516 :

897 528 942 557 sed
951 529 1119 568 potissimum
1129 532 1154 560 in
1164 531 1219 570 ipsa
1228 532 1358 571 cujusque
1368 533 1528 562 conscientia
1537 537 1617 563 eonti-

897 581 988 603 ncnter
999 575 1155 616 inscriptum
1167 587 1223 606 esse
1234 585 1348 617 oportet,
1361 579 1487 617 omnique
1498 586 1616 618 tempore

897 620 1049 658 cogitationi
1079 622 1226 651 obversari.
1257 623 1482 662 Quandoquidem
1510 626 1615 663 negotia

897 665 1064 695 fraudulenta
1078 675 1101 696 et
1116 676 1253 707 personata
1265 680 1295 698 ac
1307 670 1412 699 inimica
1427 671 1546 700 veritatis
1557 672 1616 711 opi-

897 711 1002 741 nionein
1018 713 1091 752 apud
1118 714 1260 753 plerosque
1283 715 1334 744 sibi
1364 724 1525 755 paraverunt
1541 729 1547 745 ε
1565 718 1615 746 hoc

896 756 967 786 dieto
991 758 1016 786 in
1043 759 1168 798 prandio,
1183 759 1208 788 in
1223 771 1308 794 cmna,
1325 761 1352 789 in
1375 768 1443 791 coetu
1463 762 1613 799 hominum,

897 812 1029 841 quemque
1038 805 1191 843 proximum
1203 817 1281 835 suum
1293 807 1453 846 compellare
1465 808 1614 847 oportebat,

896 847 1020 887 idemque
1031 849 1064 878 ab
1076 850 1124 878 illo
1135 851 1253 880 vicissim
1266 852 1372 889 audire,
1385 863 1479 893 nempe
1492 855 1616 883 Vanitas

895 895 1073 930 vanitatum,
1088 899 1188 925 omnia
1198 899 1328 926 vanitas.
1340 900 1434 928 Annon
1447 899 1553 928 assidue
1565 900 1614 928 tibi

895 935 1017 966 dicebam
1030 938 1156 978 fugitivas
1169 951 1224 969 esse
1236 941 1363 970 divitias?
1374 943 1416 971 Tu
1430 954 1492 972 vero
1504 954 1551 972 nos
1563 954 1614 972 non

895 982 1006 1012 serebas.
1023 985 1118 1013 Annon
1136 985 1258 1015 dicebam
1272 997 1314 1016 eas
1338 987 1470 1026 ingratum
1486 988 1615 1018 domesti—

73 1029 111 1059 ὅτι
129 1029 257 1068 ἀγνιί)μων
274 1029 343 1058 ἐστὶν
362 1029 477 1065 οἰκέτης
498 1030 536 1058 Σὺ
552 1029 579 1058 δὲ
594 1031 641 1059 οὐκ
660 1030 766 1059 ἐδούλου
784 1031 845 1059 πεί-
860 1035 879 1057 D
895 1038 955 1056 cum
967 1029 1044 1058 esse?
1058 1031 1101 1058 Tu
1115 1041 1178 1060 vero
1193 1031 1299 1062 credere
1314 1034 1434 1063 nolebas.
1452 1036 1520 1064 Ecce
1532 1046 1613 1075 expe-

77 1078 176 1104 Οεσθαι.
193 1075 260 1104 Ἰδοὺ
275 1077 304 1104 ἐκ
318 1077 369 1103 τῶν
385 1075 549 1114 πραγμάτων
562 1076 656 1110 ἔδειξεν
668 1079 684 1111 ἡ
700 1081 792 1116 πεῖρα,
806 1077 846 1106 ὅτι

73 1122 102 1149 οὐ
117 1120 248 1160 δραπέτης
267 1120 358 1159 μόνον,
378 1121 436 1150 οὐδὲ
452 1121 580 1160 ἀγνώμων
591 1145 597 1157 ,
613 1122 680 1150 ἀλλὰ
695 1122 739 1150 καὶ
752 1123 844 1162 ἀνδρο-

73 1167 148 1205 φόνος
158 1179 163 1184 ·
184 1162 257 1199 οὗτος
270 1167 320 1206 γάρ
335 1179 365 1196 σε
376 1167 480 1206 τρέμειν
492 1170 536 1195 νῦν
547 1167 592 1196 καὶ
606 1168 747 1197 δεδοικέναι
762 1181 843 1208 παρε-

73 1212 208 1242 σκεύασεν.
225 1213 282 1241 Οὐκ
302 1213 390 1252 ἔλεγόν
404 1225 461 1247 σοι,
490 1213 568 1247 ἡνίκα
587 1217 701 1253 συνεχῶς
717 1215 843 1253 ἐπετίμας

74 1268 118 1295 μοι
141 1259 244 1297 λέγοντι
269 1260 370 1294 τάληθῆ
382 1281 388 1293 ,
417 1258 456 1287 ὅτι
477 1259 529 1297 ἐγώ
547 1271 575 1288 σε
594 1260 661 1298 φιλῶ
677 1261 776 1298 μᾶλλον
790 1263 841 1290 τῶν

71 1305 281 1340 κολακευόντων;
309 1305 361 1343 ἐγὼ
382 1307 395 1333 ὁ
420 1305 535 1343 ἐλέγχων
557 1305 635 1333 πλέον
661 1306 775 1344 κήδομαι
789 1307 841 1334 τῶν

71 1350 262 1390 χαριζομένωνς
278 1352 317 1380 Οὐ
332 1350 488 1390 προσετίθην
502 1354 553 1383 τοῖς
567 1350 666 1389 ῥήμασι
681 1351 789 1385 τούτοις,
801 1352 841 1381 ὅτι

72 1396 270 1436 ἀξιοπιστότερα
292 1396 431 1435 τραύματα
459 1395 540 1435 φίλων
555 1396 620 1435 ὑπὲρ
636 1396 742 1425 ἑκούσια
757 1398 839 1436 φιλή-

72 1453 142 1479 ματα
158 1443 273 1481 ἐχθρῶνς
290 1443 322 1471 Ei
336 1443 388 1470 τῶν
400 1443 471 1480 ἐμῶν
485 1441 597 1481 ἠνέσχου
610 1443 776 1482 τραυμάτων,
792 1445 839 1472 οὐκ

71 1487 102 1517 ἄν
130 1499 171 1517 σοι
194 1487 227 1516 τὰ
250 1487 388 1526 φιλήματα
416 1487 519 1516 ἐκείνων
544 1488 587 1516 τὸν
613 1488 722 1517 θάνατον
747 1492 837 1518 τοῦτον

71 1533 171 1562 ἔτεκον·
193 1533 227 1561 τὰ
240 1533 291 1573 γὰρ
314 1533 366 1571 ἐμὰ
381 1533 520 1573 τραύματα
534 1534 623 1572 ὑγείαν
638 1535 789 1574 ἐργάζεται,
804 1536 837 1565 τὰ

71 1578 98 1607 δὲ
109 1578 213 1607 ἐκείνων
228 1579 364 1618 φιλήματα
379 1579 452 1609 νόσον
465 1579 569 1608 ἀνίατον
584 1580 769 1611 κατεσκεύασε.
780 1583 837 1611 Ποῧ

894 1072 986 1102 rientia
1009 1073 1102 1104 docuit
1116 1086 1167 1105 non
1193 1077 1282 1106 solum
1305 1079 1431 1117 fugitivas
1445 1088 1471 1109 et
1484 1081 1611 1120 ingratas,

893 1117 940 1147 sed
950 1118 1098 1149 homicidas
1108 1121 1188 1151 etiam
1199 1134 1265 1158 esse,
1277 1131 1307 1152 ut
1318 1135 1377 1163 quo:
1390 1125 1416 1153 in
1429 1132 1570 1155 tremorem
1582 1138 1612 1156 ac

892 1171 993 1194 metum
1006 1175 1075 1195 nunc
1088 1173 1113 1195 te
1125 1168 1294 1206 conjecerim.
1310 1171 1404 1198 Nonne
1415 1170 1537 1200 dicebam
1549 1172 1610 1209 tibi,

892 1220 953 1239 cum
968 1221 1010 1240 me
1034 1212 1213 1243 indesinenter
1227 1215 1384 1255 objurgares
1409 1227 1472 1245 vera
1499 1228 1610 1246 monen-

892 1262 956 1292 tem,
972 1267 1014 1285 me
1029 1258 1078 1286 tibi
1093 1259 1183 1298 potius
1194 1261 1310 1290 amicum
1322 1272 1476 1300 esse,quam
1488 1263 1612 1293 adulato-

892 1302 956 1330 res?
970 1313 1012 1331 nie
1026 1304 1073 1341 qui
1099 1315 1249 1343 arguerem,
1265 1309 1391 1347 majorem
1406 1309 1444 1337 tui
1459 1319 1549 1338 curam
1565 1320 1610 1349 ge-

891 1359 958 1384 rere,
967 1360 1047 1385 quam
1058 1361 1113 1386 eos,
1122 1351 1168 1389 qui
1178 1352 1225 1380 tibi
1235 1363 1281 1391 per
1290 1354 1378 1382 onmia
1389 1355 1610 1393 obsequerentur?

891 1395 986 1423 Nonne
995 1402 1019 1423 et
1030 1395 1080 1425 lioc
1087 1397 1230 1434 addebam,
1239 1398 1292 1427 fide
1300 1398 1424 1437 digniora
1433 1411 1490 1429 esse
1498 1400 1610 1431 vulnera

890 1440 923 1468 ab
937 1440 1040 1475 amicis,
1052 1452 1133 1479 quam
1146 1443 1298 1472 voluntaria
1313 1444 1403 1474 oscula
1418 1445 1609 1475 inimicorum?

891 1485 922 1515 Si
936 1497 993 1515 mea
1004 1487 1117 1516 vulnera
1131 1488 1248 1524 tulisses,
1262 1489 1470 1529 haudquaquam
1485 1492 1533 1520 tibi
1547 1492 1609 1522 illo-

890 1542 949 1560 rum
964 1532 1054 1561 oscula
1077 1533 1128 1563 hoc
1141 1534 1254 1563 exitium
1278 1536 1428 1565 attulissent
1442 1549 1448 1565 z
1465 1548 1523 1566 mea
1537 1539 1609 1568 enim

887 1578 997 1607 vulnera
1012 1579 1150 1609 sanitatem
1165 1581 1291 1618 afferunt,
1304 1582 1413 1612 illorum
1433 1585 1524 1613 oscula
1539 1596 1609 1614 mor-

70 1626 115 1652 νῦν
128 1626 151 1652 οἱ
165 1624 290 1663 οἷνοχόοι;
306 1627 355 1653 ποῦ
371 1624 397 1653 δὲ
409 1627 432 1654 οἱ
446 1625 582 1658 σοῧοῦντες
597 1627 640 1655 ἐπὶ
658 1629 704 1662 τῆς
719 1629 815 1667 ἀγορᾶς
828 1623 954 1665 ,3821)υῐη
980 1624 1205 1656 immedicabilem
1231 1628 1282 1656 tibi
1308 1628 1530 1660 conciliaverunt.
1552 1631 1608 1660 Ubi

71 1670 114 1698 καὶ
134 1670 214 1709 μυρία
234 1670 306 1709 παρὰ
320 1676 400 1699 πᾶσιν
418 1671 537 1710 ἐγκώμια
552 1672 685 1711 λέγοντες;
706 1673 836 1714 Ἐδραπέ-
853 1676 871 1697 Α
888 1679 959 1698 nunc
982 1670 1152 1709 pocillatorcs
1174 1673 1236 1701 tui?
1250 1673 1296 1702 ubi
1312 1674 1359 1712 qui
1384 1674 1409 1702 in
1436 1676 1493 1705 soro
1518 1688 1606 1717 popu-

69 1728 176 1751 τευσαν,
198 1717 346 1756 ἠρνήσαντο
374 1717 421 1753 τὴν
442 1718 548 1757 φιλίαν,
574 1719 718 1758 ἀσφάλειάν
737 1723 836 1754 ἑαυτοῖς

68 1761 110 1790 διὰ
133 1765 180 1798 τῆς
213 1764 260 1797 σῆς
288 1763 399 1801 ἀγωνίας
420 1764 577 1803 πορίζουσιν.
593 1767 661 1794 Ἀλλ’
687 1768 736 1806 οὐχ
760 1769 836 1804 ἡμεῖς

67 1808 160 1844 οὕτως,
184 1807 250 1836 ἀλλὰ
263 1808 307 1837 καὶ
320 1811 364 1838 τοῦ
380 1810 592 1849 δυσχεραίνοντάς
607 1823 652 1840 σου
668 1813 714 1840 οὐκ
727 1815 834 1848 ἀποπη-

66 1854 167 1891 Baium}
180 1854 222 1883 καὶ
238 1857 282 1882 νῦν
294 1855 407 1883 πεσόντα
422 1856 626 1895 περιστέλλομεν
638 1857 682 1886 καὶ
695 1859 835 1897 θεραπεύο-

65 1911 121 1937 μεν.
142 1900 194 1928 Καὶ
214 1902 230 1934 ἠ
255 1899 302 1938 μὲν
325 1902 505 1939 πολεμηθεῖσα
532 1902 680 1938 Ἐκκλησία
694 1904 767 1943 παρὰ
787 1908 833 1933 σοῦ

63 1945 122 1978 τοὺς
136 1946 248 1979 κόλπους
262 1946 370 1981 ἥπλωσε
384 1947 428 1976 καὶ
443 1948 582 1982 ἐπεδέξατο
591 1961 598 1967 ·
614 1949 648 1978 τὰ
662 1949 689 1979 δὲ
705 1953 834 1989 θεραπευ-

63 1991 139 2020 θέντα
161 1991 272 2030 θέατρα,
294 1992 359 2031 ὓπὲρ
378 1989 414 2021 ὧν
434 1994 561 2027 πολλάκις
574 1995 639 2034 πρὸς
650 1998 720 2034 ἡμᾶς
738 1997 834 2034 ἠγανά-

63 2049 146 2071 κτεις,
160 2037 295 2076 προύδωκε
306 2037 350 2066 καὶ
365 2039 512 2068 ἀπώλεσεν.
528 2041 597 2069 Ἀλλ’
611 2040 681 2077 ὅμως
691 2042 738 2069 οὒκ
751 2042 832 2070 ἐπαυ-

62 2082 163 2120 σάμεθα
177 2082 218 2111 ἀεὶ
238 2081 372 2120 λέγοντες·
397 2084 422 2112 τί
441 2087 525 2112 ταῦτα
543 2089 639 2119 ποιεῖς;
664 2086 833 2125 ἐκδακχεύεις

61 2129 109 2164 τὴν
125 2129 302 2165 Ἐκκλησίαν,
327 2129 372 2158 καὶ
393 2130 460 2158 κατὰ
475 2133 598 2169 κρημνῶν
622 2132 715 2160 σαυτὸν
729 2133 830 2171 φέρεις·

61 2174 105 2203 καὶ
127 2175 286 2215 παρέτρεχες
307 2176 422 2204 ἅπαντα.
445 2176 498 2205 Καὶ
518 2178 545 2205 αἱ
571 2177 617 2215 μὲν
640 2178 829 2217 ἱπποδρομίαι,

888 1716 945 1744 lum
960 1715 992 1744 de
1019 1716 1062 1745 via
1088 1716 1216 1747 decedere
1229 1719 1372 1758 cogebant,
1388 1727 1500 1760 tuasque
1514 1723 1608 1753 laudes

886 1762 985 1800 passim
992 1762 1065 1801 apud
1077 1774 1168 1792 omnes
1178 1764 1374 1803 prazdicabant?
1383 1767 1606 1808 Transfugerunt,

885 1808 1050 1847 abnegarunt
1076 1816 1149 1838 tuam
1169 1811 1328 1848 amicitiam,
1346 1823 1422 1842 suani
1436 1816 1605 1844 securitatem

885 1853 938 1882 tuis
951 1854 1079 1893 periculis
1102 1864 1235 1894 quaerunt.
1253 1859 1287 1886 At
1302 1868 1354 1887 non
1369 1859 1433 1887 tales
1447 1870 1506 1896 nos,
1519 1861 1567 1890 sed
1579 1869 1605 1890 et

885 1906 948 1928 tunc
962 1901 1084 1938 quamvis
1095 1912 1164 1941 aegre
1177 1903 1303 1932 ferentem
1319 1914 1370 1932 non
1385 1904 1565 1941 destituimus,
1579 1914 1605 1936 et

885 1955 955 1974 nunc
969 1946 1116 1985 collapsum
1132 1949 1296 1986 protegimus
1310 1959 1340 1977 ac
1357 1960 1492 1979 curamus.
1509 1952 1604 1981 Eccle-

885 1991 922 2018 sia
935 2001 948 2018 a
966 1998 991 2019 te
1011 1991 1144 2020 hostiliter
1159 1992 1261 2029 habita,
1272 2005 1389 2033 expanso
1403 1996 1464 2024 sinu
1478 2003 1503 2025 te
1514 2008 1603 2027 susce-

884 2036 924 2074 pit
939 2048 945 2063 :
963 2037 1063 2065 theatra
1079 2044 1167 2066 autem
1188 2039 1290 2077 magnis
1305 2041 1440 2079 obsequiis
1452 2053 1466 2071 a
1481 2049 1505 2072 te
1517 2044 1601 2078 culta,

883 2091 998 2118 quorum
1013 2093 1091 2111 causa
1115 2084 1212 2122 saepius
1235 2085 1314 2113 nobis
1339 2086 1456 2116 infensus
1479 2088 1564 2125 fuisti,
1577 2098 1603 2119 et

883 2126 1060 2164 prodiderunt
1070 2134 1093 2156 tc
1101 2135 1126 2156 et
1134 2129 1316 2168 perdiderunt.
1324 2134 1445 2161 Attamen
1454 2144 1602 2174 numquam

883 2171 1033 2201 destitimus
1046 2173 1088 2201 his
1101 2181 1126 2202 te
1139 2174 1228 2203 verbis
1243 2175 1345 2214 alloqui
1360 2190 1366 2205 :
1383 2179 1439 2207 Cur
1454 2179 1502 2208 ista
1516 2182 1600 2211 facis?

60 2220 103 2249 τὸν
123 2222 234 2250 πλοῦτον
248 2222 292 2249 τὸν
307 2221 351 2250 σὺν
365 2221 549 2258 ἀναλώσασαι,
564 2223 593 2251 τὸ
605 2222 673 2262 ξίφος
688 2223 829 2259 ἠκόνησαν·
849 2226 865 2248 Β
884 2218 910 2246 ln
927 2219 1073 2248 ECClL'Slam
1088 2219 1271 2257 debaccharis,
1286 2229 1311 2250 Cl-
1326 2223 1440 2263 teipsum
1452 2225 1478 2253 lss
1487 2227 1602 2256 exitium

60 2268 76 2301 ἡ
90 2266 116 2294 δὲ
131 2267 278 2301 Ἐκκλησία
290 2270 306 2302 ἡ
322 2270 367 2302 τῆς
379 2269 458 2306 ὀργῆς
472 2269 519 2302 τῆς
535 2270 582 2303 σῆς
597 2270 770 2298 ἀπολαύσασα
782 2272 829 2304 τῆς

61 2312 167 2352 ἀκαίρου
181 2337 188 2349 ,
219 2316 354 2353 πανταχοῦ
380 2314 558 2354 παρατρέχει,
584 2317 635 2343 τῶν
667 2316 777 2344 δικτύων
799 2329 827 2345 σε

59 2358 205 2397 ἐξαρπάσαι
229 2359 385 2398 βουλομένη.

885 2265 1048 2304 praecipitem
1061 2265 1117 2304 agis
1134 2279 1139 2294 :
1157 2273 1182 2295 et
1195 2273 1222 2295 tu
1236 2267 1292 2296 haec
1304 2270 1392 2298 omnia
1403 2271 1503 2300 monita
1518 2273 1602 2312 negli-

882 2317 972 2348 genter
984 2312 1214 2349 praetcrcurrebas.
1224 2313 1259 2342 Et
1271 2313 1395 2344 circensis
1404 2317 1514 2354 quidem
1525 2319 1600 2348 mul—

881 2356 967 2385 titudo
981 2357 1118 2386 exhaustis
1131 2358 1158 2386 in
1183 2369 1210 2387 se
1225 2359 1279 2387 tuis
1293 2360 1464 2391 facultatibus
1478 2363 1599 2402 gladium

882 2402 907 2430 in
921 2409 945 2431 te
959 2403 1031 2431 acuit
1048 2416 1054 2431 :
1072 2404 1191 2432 Ecclesia
1207 2415 1269 2433 vero
1284 2405 1438 2445 importuno
1448 2415 1494 2437 tuo
1508 2409 1599 2438 furore

882 2449 1024 2487 exagitata,
1038 2450 1109 2478 ultro
1121 2451 1240 2489 citroque
1254 2453 1375 2488 cursitat,
1388 2454 1410 2481 si
1422 2465 1474 2491 quo
1487 2462 1562 2493 paeto
1575 2463 1599 2484 tc

882 2506 914 2523 ex
930 2495 971 2524 his
984 2496 1102 2525 cassibus
1115 2496 1274 2536 implicitum
1287 2499 1417 2527 extricare
1428 2507 1515 2537 queat.

95 2586 107 2604 Ι»
126 2586 167 2611 Sic
182 2587 259 2613 Savil.
274 2595 298 2614 ct
309 2590 369 2623 Reg.
381 2590 422 2622 qui
438 2597 577 2623 postremus
592 2591 682 2623 habet,
693 2596 728 2619 ἔτι
740 2595 852 2627 δραπέτης
863 2598 920 2620 ἐστὶν
933 2599 1026 2623 οἰκέτης.
1041 2596 1070 2619 In
1086 2594 1171 2620 Morel.
1184 2594 1236 2619 hece
1248 2595 1334 2619 mutila
1347 2601 1414 2619 suut.

1623 1455 1682 1476 Prot*
1696 1454 1759 1483 zsfi.
