1823 2789
109 981 154 1002 Cur
165 981 197 1002 le-

57 1017 134 1038 gantur
175 1015 196 1033 in

57 1043 183 1064 Pontem-tc

56 1074 108 1094 Aet..
117 1074 195 1102 Apust.

226 117 290 151 106

217 195 284 217 turae
305 189 421 229 piscium
434 190 516 221 verbo
529 190 641 220 cedens?
661 190 737 220 vides
751 200 844 218 rursus
863 196 931 218 tem-

216 245 315 274 porum
336 237 556 275 observationem,
576 245 601 266 et
616 236 826 266 circumcisionis
839 235 930 264 indul-

218 281 334 318 gentiam
352 293 383 310 ac
396 283 589 311 sacrificiorum
603 283 815 311 communionem
835 281 930 309 initam

215 325 317 356 idcireo
330 338 394 363 esse,
412 339 463 357 non
480 336 509 357 ut
523 329 574 368 ipsi
588 329 622 357 ad
638 336 753 358 veterem
773 327 928 366 religionem

214 373 340 411 redirent,
355 374 400 403 sed
413 382 442 403 ut
457 375 517 404 illos
531 375 577 413 qui
589 375 683 413 figuris
696 375 876 409 adhaerebant,
893 372 927 401 ad

215 419 354 449 veritatem
373 421 568 460 proveherent?
593 421 647 457 Qui
671 421 742 449 enim
764 421 791 449 in
817 419 927 449 sublimi

213 465 274 494 loco
284 467 366 503 sedet,
377 467 400 496 si
414 475 541 507 perpetuo
553 474 658 496 maneat
672 468 699 496 in
710 467 832 502 sublimi,
848 477 927 495 num-

214 522 294 550 quam
309 514 405 553 poterit
422 514 546 552 eum,qui
561 513 686 542 deorsum
697 514 777 553 jacet,
792 512 902 541 evehere
916 533 925 548 ,

212 557 259 586 sed
273 559 351 588 illum
366 559 439 599 prius
454 571 481 588 se
498 560 635 588 demittere
648 566 763 599 oportet,
785 569 815 587 ac
829 557 926 586 deinde

211 603 293 633 istum
304 605 427 634 exaltari,
440 606 580 644 Propterea
594 617 627 634 ex
641 605 805 634 sublimitate
818 603 927 641 religio-

211 649 253 678 nis
267 651 426 690 evangelicae
440 650 632 680 descenderunt
648 651 770 690 apostoli,
792 657 820 678 ut
834 661 849 678 a
866 649 927 677 reli-

211 693 297 731 gionis
309 695 428 724 Judaicae
439 695 589 723 humilitate
599 695 635 724 ad
647 695 839 723 sublimitatem
850 693 927 722 illam

211 739 318 768 Judaeos
332 741 518 779 proveherent.

249 786 276 814 5.
298 785 352 814 Sed
368 793 517 825 temporum
532 786 643 824 quidem
660 786 873 815 observationem
894 797 925 815 ac

208 830 309 869 reliqua
332 831 420 859 omnia
443 832 544 860 utiliter
566 839 592 860 et
613 832 752 860 commode
777 832 846 860 sacta
869 843 925 861 esse

209 883 309 904 constat
330 887 362 905 ex
376 877 433 905 istis
449 889 454 904 z
471 878 604 916 reliquum
619 885 657 906 cst
674 885 762 906 autem
784 885 812 906 ut
827 878 923 907 videa—

208 932 267 950 mus
286 933 338 960 qua
358 923 390 951 de
405 934 483 952 causa
500 924 525 952 iu
546 924 697 952 Pentecoste
710 924 780 952 liber
795 926 923 953 Actorum

207 967 320 1007 legatur.
332 969 388 998 Hae
399 970 471 998 enim
481 970 514 998 de
524 981 601 998 eausa
612 971 669 998 haec
681 970 770 999 omnia
780 971 922 1010 proposui-

208 1025 278 1051 mus,
294 1022 334 1051 ut,
351 1026 412 1044 cum
427 1023 577 1055 temporum
591 1016 805 1045 observationem
824 1017 922 1045 instare

208 1060 336 1097 videritis,
344 1072 374 1090 nc
384 1062 541 1090 existimetis
551 1062 683 1102 apostolos
694 1062 814 1091 Jtulaieis
824 1063 922 1091 ritibus

205 1107 275 1135 velle
288 1118 314 1136 se
329 1108 501 1147 obstringere.
510 1109 611 1137 Verum
624 1108 752 1136 attendite
765 1108 920 1146 diligenter,

205 1163 295 1190 quaiso
318 1165 324 1181 :
351 1164 433 1192 neque
461 1154 533 1182 cuim
561 1153 722 1182 mediocrem
750 1155 921 1192 quaestionem

204 1199 390 1238 complectitur
404 1199 431 1227 id
445 1199 517 1237 quod
531 1199 629 1228 dicturi
644 1210 745 1228 sumus.
762 1201 791 1228 ln
807 1200 850 1228 die
862 1211 922 1229 cru-

204 1244 242 1271 cis
256 1244 343 1272 omnia
358 1245 472 1283 legimus
484 1256 543 1283 quae
559 1245 593 1273 ad
612 1256 717 1273 crucem
731 1246 879 1284 pertinent:
893 1246 920 1274 in

205 1299 303 1327 magno
315 1290 426 1319 sabbato
438 1301 530 1319 rursus
540 1314 547 1323 ,
560 1291 690 1319 traditum
706 1302 760 1319 esse
775 1292 920 1320 Dominum

205 1336 506 1369 nostrum,crucifixum
522 1347 587 1372 esse,
602 1343 739 1364 mortuum
752 1347 807 1365 esse
827 1348 920 1366 secun-

205 1379 272 1408 dum
287 1392 391 1409 carnem
409 1388 433 1409 et
449 1382 572 1420 sepulcro
588 1381 727 1409 conditum
746 1393 752 1409 z
771 1393 819 1410 cur
838 1383 920 1421 igitur

205 1436 257 1453 non
272 1427 352 1454 etiam
370 1428 559 1466 Apostolorum
579 1429 642 1455 Acta
655 1427 769 1465 legimus
779 1436 836 1467 post
853 1429 920 1458 Pen-

204 1478 330 1509 teeostcn,
346 1472 454 1511 quando
467 1480 491 1501 et
504 1480 658 1509 evenerunt,
675 1481 699 1501 et
714 1473 819 1502 initium
830 1474 918 1504 duze-

206 1518 289 1546 runt?
305 1519 343 1546 Ac
355 1518 409 1547 scio
421 1518 543 1556 equidem
555 1518 605 1547 hoc
617 1519 737 1557 ignotum
748 1530 804 1548 esse
814 1521 916 1557 multis,

204 1574 284 1601 quam
300 1564 333 1592 ob
345 1575 450 1593 eausam
466 1575 499 1593 ex
514 1565 572 1603 ipso
585 1567 711 1593 Actorum
726 1565 795 1593 libro
807 1566 918 1595 demon-

203 1616 317 1637 stremus
334 1609 405 1638 istud
420 1621 523 1638 necesse
537 1617 585 1645 est,
602 1617 631 1638 ut
647 1621 697 1639 non
713 1622 727 1639 a
743 1611 893 1641 Pentecoste
907 1636 915 1649 ,

203 1655 249 1683 sed
264 1666 278 1683 a
295 1662 423 1695 tempore,
440 1655 512 1693 quod
528 1657 695 1684 Pentecosten
710 1664 851 1694 sequutum
867 1665 915 1693 est,

202 1699 382 1739 apostolorum
403 1708 460 1729 aeta
487 1701 593 1730 initium
613 1701 722 1730 duxisse
753 1703 915 1742 intelligatis.

202 1747 332 1781 Quocirca
342 1748 434 1776 merito
445 1755 543 1786 quaeret
554 1748 661 1786 aliquis,
672 1760 752 1787 quain
765 1749 871 1779 tandem
882 1751 916 1779 ob

201 1802 307 1820 causam
324 1799 450 1821 statutum
471 1793 516 1826 sit,
533 1800 561 1821 ut
577 1792 714 1821 historiam
728 1794 814 1822 crucis
830 1795 855 1823 in
872 1795 916 1824 die

202 1836 288 1864 crucis
300 1843 324 1865 et
336 1836 464 1875 passionis
476 1836 611 1874 legamus;
622 1837 811 1875 Apostolorum
825 1845 914 1867 autem

202 1882 268 1909 Aeta
287 1892 337 1909 non
356 1881 421 1920 ipsis
434 1881 486 1909 illis
495 1882 590 1910 diebus
602 1888 647 1909 aut
658 1881 703 1909 illo
716 1889 842 1922 tempore,
862 1895 915 1921 quo

200 1934 302 1965 patrata
313 1934 383 1961 sunt,
395 1927 522 1965 legamus,
533 1927 582 1956 sed
594 1934 698 1966 tempus
706 1928 915 1967 praeveniamus?

200 1973 291 2011 Neque
305 1974 375 2001 enim
389 1973 539 2009 coust-stim,
557 1973 601 2001 ubi
618 1973 741 2002 Christus
756 1976 912 2012 resurrexit,

201 2017 272 2046 edita
287 2025 347 2046 sunt
369 2017 495 2046 miracula
510 2019 544 2046 ab
568 2018 704 2057 apostolis,
725 2019 772 2047 sed
792 2020 913 2057 quadra-

201 2063 273 2100 ginta
286 2063 381 2091 diebus
393 2074 453 2091 cum
468 2064 532 2102 ipsis
546 2065 701 2092 vescebatur
716 2065 742 2093 in
757 2065 842 2094 terris.
859 2066 914 2094 Cur

199 2115 287 2136 autem
297 2107 391 2136 diebus
401 2108 575 2147 quadraginta
588 2109 667 2137 fuerit
679 2120 740 2138 cum
756 2110 809 2138 illis
819 2121 911 2139 versa-

199 2160 242 2182 tus
263 2153 289 2181 in
304 2153 389 2189 torris,
407 2153 460 2181 alio
474 2160 591 2192 tempore
609 2154 824 2193 declarabimus5
842 2167 912 2186 nunc

198 2199 233 2228 ad
244 2199 410 2238 propositum
422 2206 596 2235 revertamur,
614 2207 639 2228 et
651 2201 821 2230 ostendamus
833 2203 912 2231 Chri-

197 2251 267 2273 stum
287 2255 338 2273 non
359 2245 448 2273 statim
469 2251 530 2284 post
552 2246 769 2275 resurrectionem
785 2247 812 2275 in
834 2248 910 2277 caelos

197 2290 357 2328 ascendisse,
384 2301 477 2319 verum
499 2290 525 2318 in
544 2290 621 2318 terris
646 2299 838 2320 commoratum
855 2304 912 2322 esse

196 2335 291 2364 diebus
305 2335 480 2374 quadraginta
495 2345 556 2363 cum
571 2335 721 2375 discipulis,
742 2348 826 2376 neque
841 2338 908 2367 sim—

196 2382 303 2421 pliciter
326 2388 529 2416 commoratum,
560 2381 607 2410 sed
631 2389 655 2410 ct
677 2390 822 2412 vescentem
849 2395 909 2413 cum

542 130 572 153 S.
601 129 741 153 JOANMS
766 127 947 152 CHRYSOST.
978 127 1135 154 Alterum),
1164 132 1432 156 CONSTANTlNOP.

991 192 1059 221 ἀλλὰ
1080 193 1119 220 δεῖ
1138 192 1264 232 πρότερον
1286 196 1381 223 ἐκεῖνον
1401 196 1609 230 ταπεινωθῆναι,
1625 195 1671 225 καὶ
1696 196 1755 225 τότε

989 241 1078 266 τοῦτον
1093 239 1237 277 ὑψωθῆναι,
1257 239 1310 268 Διὰ
1328 243 1405 269 τοῦτο
1424 240 1573 275 κατέὲησαν
1596 243 1619 269 οἱ
1634 241 1754 270 ἀπόστο-

988 285 1029 312 λοι
1043 285 1095 313 ἀπὸ
1108 287 1152 313 τοῦ
1173 284 1250 324 ὕψους
1270 288 1316 320 τῆς
1337 286 1471 319 πολιτείας
1486 286 1497 301 ¹²
1508 289 1555 321 τῆς
1569 288 1751 326 εὖαγγελικῆς,

987 330 1029 358 ἵνα
1043 330 1094 358 ἀπὸ
1106 333 1152 365 τῆς
1171 330 1356 365 ταπεινότητος
1370 334 1417 366 τῆς
1430 332 1562 365 πολιτείας
1577 335 1625 367 τ’ἧς
1639 332 1753 362 Ἰουδαῖ-

988 377 1036 410 κῆς
1055 376 1221 415 ἀναγάγωσιν
1242 379 1278 409 εἷς
1297 377 1328 406 τὸ
1345 377 1407 417 ὕψος
1427 379 1509 407 ἐκεῖνο
1529 377 1588 411 τοὺς
1602 377 1751 411 Ἰουδαίους.

1025 783 1094 813 Ἀλλ’
1109 784 1149 814 ὅτι
1165 784 1212 823 μὲν
1224 787 1240 820 ἡ
1256 786 1308 814 τῶν
1329 788 1428 826 καιρῶν
1447 786 1630 826 παρατήρησις
1649 786 1695 816 καὶ
1717 785 1750 816 τὰ

984 831 1064 859 λοιπὰ
1085 831 1171 860 πάντα
1191 831 1330 871 χρησίμως
1351 833 1396 861 καὶ
1418 832 1601 872 συμφερόντως
1621 833 1748 872 ἐγίνοντο,

985 876 1037 904 ἀπὸ
1051 876 1148 906 τούτων
1168 877 1245 911 δῆλον
1258 890 1264 895 ·
1280 878 1375 915 ἴδωμεν
1392 878 1418 907 δὲ
1436 879 1526 907 λοιπὸν
1538 879 1605 911 τίνος
1619 878 1704 908 ἕνεκεν
1719 879 1750 908 τὸ

984 922 1084 959 βιέλίον
1104 925 1155 950 τῶν
1173 923 1296 962 Πράξεων
1318 926 1370 951 τῶν
1391 924 1542 953 ἀποστόλων
1558 926 1583 952 ἐν
1605 927 1643 963 τῷ
1663 925 1748 962 καιρῷ

982 970 1028 1002 τῆς
1059 971 1239 1004 πεντηκοστῆς
1271 968 1488 1007 ἀναγινώσκεται.
1516 970 1567 998 Διὰ
1590 970 1641 1010 γὰρ
1672 973 1749 998 τοῦτο

981 1016 1065 1042 ταῦτα
1091 1015 1177 1043 πάντα
1203 1015 1378 1053 ἕκινῆσαμεν,
1396 1015 1447 1051 ἵν’,
1468 1015 1530 1044 ὅταν
1554 1016 1626 1049 ἴδητε
1649 1018 1747 1055 καιρῶν

981 1059 1167 1099 παρατήρησιν
1196 1061 1364 1098 ἐγκειμένην,
1390 1061 1426 1098 μὴ
1459 1061 1584 1099 νομίσητε
1613 1061 1748 1090 πολιτείαν

981 1110 1064 1134 νοσεῖν
1079 1105 1224 1140 Ἰουδαϊκὴν
1239 1105 1298 1139 τοὺς
1318 1106 1486 1139 ἀποστόλους,
1506 1107 1584 1135 Ἀλλὰ
1606 1106 1748 1146 προσέχετε

982 1151 1048 1188 μετὰ
1075 1151 1223 1189 ἀκριὸείας,
1249 1153 1396 1190 παρακαλῶ
1412 1163 1418 1168 ·
1439 1154 1467 1180 οὐ
1493 1152 1544 1190 γὰρ
1572 1152 1664 1192 μικρόν
1692 1154 1747 1181 ἐστι

981 1197 1085 1235 ζήτημα
1108 1198 1138 1226 τὸ
1161 1197 1255 1235 μέλλον
1279 1198 1445 1236 ῥηθήσεσθαι.
1467 1198 1512 1227 Ἐν
1536 1200 1568 1237 τῇ
1590 1198 1678 1237 ἡμέρᾳ
1701 1201 1746 1226 τοῦ

981 1245 1092 1281 σταυροῦ
1108 1243 1141 1271 τὰ
1155 1243 1214 1282 περὶ
1227 1247 1272 1272 τοῦ
1285 1246 1396 1283 σταυροῦ
1415 1243 1501 1272 πάντα
1516 1244 1729 1282 ἀναγινώσκομεν
1741 1255 1747 1261 ·

980 1289 1006 1316 ἐν
1028 1291 1065 1328 τῷ
1088 1289 1214 1329 eugenia?
1235 1291 1273 1328 τῷ
1298 1289 1405 1329 μεγάλῳ
1429 1290 1527 1325 πάλιν,
1549 1289 1588 1318 ὅτι
1613 1290 1744 1329 παρεδόθη

979 1335 1055 1371 ἡμῶν
1067 1337 1081 1362 ὁ
1094 1334 1200 1373 Κύριος,
1216 1334 1255 1362 ὅτι
1275 1335 1424 1374 ἐσταυρώθη
1434 1358 1441 1370 ,
1456 1335 1496 1363 ὅτι
1510 1335 1622 1363 ἀπέθανε
1637 1335 1667 1363 τὸ
1677 1335 1746 1364 κατὰ

980 1379 1066 1419 σάρκα
1077 1402 1084 1414 ,
1097 1380 1136 1408 ὅτι
1156 1381 1238 1419 ἐτάφη
1252 1392 1258 1398 ·
1275 1381 1342 1414 τίνος
1363 1376 1406 1409 οὖν
1420 1381 1505 1410 ἕνεκεν
1517 1381 1562 1410 καὶ
1577 1381 1622 1414 τὰς
1635 1381 1746 1420 Πράξεις

978 1427 1029 1453 τῶν
1052 1426 1204 1455 ἀποστόλων
1223 1429 1251 1456 οὐ
1271 1427 1338 1465 μετὰ
1352 1427 1399 1462 τὴν
1419 1427 1597 1462 πεντηκοστὴν
1613 1426 1744 1465 ἀναγινώ-

978 1482 1089 1508 σκομεν,
1109 1472 1150 1500 ὅτε
1170 1472 1213 1500 καὶ
1229 1473 1362 1511 ἐγένοντο,
1382 1474 1426 1501 καὶ
1453 1473 1537 1512 ἀρχὴν
1553 1473 1665 1508 {haeum
1690 1473 1743 1502 Καὶ

978 1512 1035 1545 οἶδα
1049 1517 1094 1555 μὲν
1105 1518 1144 1546 ὅτι
1156 1519 1247 1547 πολλοὶ
1262 1522 1337 1547 τοῦτο
1358 1521 1497 1557 ἀγνοοῦσι·
1515 1519 1605 1557 διόπερ
1627 1519 1679 1547 ἀπὸ
1698 1523 1744 1548 τοῦ

979 1563 1080 1600 βιῧλίου
1095 1566 1147 1592 τῶν
1164 1564 1289 1602 Πράξεων
1307 1564 1369 1593 αὐτὸ
1394 1563 1577 1593 πιστώσασθαι
1592 1566 1743 1602 ἀναγκαῖον,

977 1609 1017 1637 ἵνα
1035 1609 1150 1647 μάθητε,
1168 1610 1208 1638 ὅτι
1222 1610 1269 1645 τὴν
1285 1611 1368 1650 ἀρχὴν
1389 1613 1441 1639 τῶν
1457 1610 1574 1649 πράξεων
1599 1612 1650 1639 τῶν
1673 1612 1742 1639 ἀπο-
1780 1632 1783 1634 -

977 1657 1103 1683 στολικῶν
1128 1657 1176 1695 οὐχ
1194 1659 1210 1691 ἡ
1236 1656 1399 1691 πεντηκοστὴ
1417 1656 1487 1696 ἔχει,
1514 1657 1572 1684 ἀλλ’
1593 1658 1606 1684 ὁ
1626 1656 1715 1694 καιρὸς
1729 1659 1743 1685 ὁ

978 1701 1044 1737 μετὰ
1060 1701 1107 1736 τὴν
1122 1702 1313 1737 πεντηκοστήν.
1329 1703 1375 1730 Διὸ
1396 1703 1440 1730 καὶ
1460 1701 1565 1733 δικαίως
1581 1702 1611 1730 ἄν
1633 1714 1673 1734 τις
1693 1704 1742 1737 ζη-

975 1747 1078 1783 τήσειε,
1090 1748 1115 1776 τί
1135 1748 1231 1783 δήποτε
1254 1748 1296 1776 τὸν
1313 1748 1358 1785 μὲν
1375 1748 1485 1787 σταυρὸν
1501 1749 1526 1776 ἐν
1540 1749 1572 1785 τῇ
1588 1747 1675 1787 ἡμέρᾳ
1696 1750 1741 1776 τοῦ

976 1797 1088 1833 σταυροῦ
1109 1794 1154 1822 καὶ
1176 1796 1220 1822 τοῦ
1245 1794 1343 1826 πάθους
1365 1793 1551 1832 ἀναγινώσκειν
1571 1793 1741 1831 νενομοθέτη-

975 1850 1035 1866 ται’
1053 1839 1098 1871 τὰς
1124 1839 1150 1868 δὲ
1171 1839 1283 1878 Πράξεις
1308 1839 1354 1871 τὰς
1377 1839 1553 1871 ἀποστολικὰς
1578 1841 1624 1868 οὐκ
1651 1841 1740 1872 αὐταῖς

974 1889 1031 1916 ταῖς
1056 1884 1166 1924 ἡμέραις
1187 1885 1416 1923 ἀναγινώσκομεν,
1432 1884 1489 1913 οὐδὲ
1512 1887 1549 1924 τῷ
1571 1886 1655 1924 καιρῷ
1679 1886 1738 1913 καθ’

974 1930 1000 1958 ὃν
1033 1931 1222 1969 ἐπράχθησαν,
1253 1930 1321 1958 ἀλλὰ
1349 1930 1530 1969 προφθάνομεν
1553 1931 1596 1958 τὸν
1632 1930 1738 1969 καιρόν;

974 1975 1041 2004 Οὐδὲ
1066 1975 1116 2015 γὰρ
1146 1976 1239 2008 εὐθέως
1263 1975 1305 2004 ὅτε
1335 1976 1428 2011 ἀνέστη
1453 1976 1582 2015 Χριιπὸς,
1615 1975 1737 2013 θαύματα

972 2021 1073 2050 ἐποίουν
1099 2023 1121 2050 οἱ
1141 2021 1301 2057 ἀπόστολοι,
1329 2021 1396 2050 ἀλλὰ
1414 2022 1609 2060 τεσσαράκοντα
1635 2021 1737 2060 ἡμέρας

973 2069 1059 2100 αὐτοῖς
1083 2068 1251 2102 3συνηλίζὶτο
1278 2067 1320 2096 ἐπὶ
1347 2069 1393 2102 τῆς
1415 2069 1472 2106 γ’ἧς.
1497 2067 1574 2099 Τίνος
1600 2066 1626 2096 δὲ
1651 2067 1736 2096 ἕνεκεν

972 2113 1018 2146 τὰς
1048 2114 1243 2152 τεσσαράκοντα
1272 2113 1373 2152 ἡμέρας
1399 2115 1484 2147 αὐτοῖς
1515 2113 1662 2152 συνεγένετο
1693 2113 1738 2143 ἐπὶ

971 2161 1018 2193 τῆς
1048 2161 1115 2197 γῆς,
1137 2161 1162 2188 ἐν
1191 2159 1272 2199 ἑτέρῳ
1296 2160 1379 2197 καιρῷ
1404 2159 1555 2197 δηλώσομεν
1578 2170 1584 2176 ·
1615 2158 1679 2191 τέως
1707 2158 1734 2188 δὲ

971 2205 1014 2233 ἐπὶ
1037 2204 1066 2232 τὸ
1087 2204 1256 2243 προκείμενον
1281 2204 1359 2242 ἴωμεν
1384 2207 1429 2233 τοῦ
1461 2204 1552 2243 λόγου,
1579 2204 1734 2240 δεικνύντες,

970 2250 1009 2279 ὅτι
1033 2252 1080 2279 οὐκ
1107 2250 1199 2282 εὐθέως
1224 2251 1258 2282 εἷς
1283 2250 1327 2278 τὸν
1352 2249 1458 2288 οὐρανὸν
1491 2249 1571 2283 ἀνέὲη
1594 2249 1661 2287 μετὰ
1685 2249 1733 2285 τὴν

970 2296 1110 2324 ἀνάστασιν
1137 2299 1150 2324 ὁ
1172 2295 1304 2334 Χριστὸς,
1317 2295 1392 2323 ἀλλὰ
1412 2295 1611 2333 τεσσαράκοντα
1632 2295 1733 2334 ἡμέρας

968 2342 1011 2370 ἐπὶ
1031 2344 1078 2376 τῆς
1098 2343 1145 2380 γῆς
1170 2341 1283 2379 διέτριψε
1307 2340 1373 2378 μετὰ
1391 2343 1442 2368 τῶν
1464 2343 1602 2378 μαθητῶν,
1618 2340 1662 2368 καὶ
1682 2342 1733 2380 οὐχ

968 2387 1057 2419 ἁπλῶς
1072 2387 1216 2427 διέτριψεν,
1231 2385 1298 2414 ἀλλὰ
1313 2386 1357 2414 καὶ
1378 2386 1595 2423 συναλιζόμενος,
1610 2385 1655 2414 καὶ
1669 2396 1732 2423 τρα-

194 2427 268 2467 ipsis,
276 2427 332 2456 etin
342 2438 431 2456 mensa
442 2437 503 2455 cum
514 2427 569 2456 illis
580 2428 777 2458 recumbentem
788 2429 905 2459 familia-
925 2438 944 2461 D
965 2432 1045 2466 πέζης
1067 2434 1208 2468 κοινωνῶν,
1229 2431 1274 2460 καὶ
1293 2431 1396 2470 ὁμιλίας
1411 2431 1579 2469 μεταδιδοὺς,
1593 2430 1638 2459 καὶ
1661 2430 1730 2469 μετὰ

223 2514 235 2532 ¹³
254 2512 325 2538 Colb⁴
341 2518 380 2541 τῆς
394 2513 516 2545 &mel-755.

1005 2522 1015 2533 ¹
1033 2515 1104 2540 Cotb.
1117 2521 1244 2548 συνεγίνετο.
