1815 2809
355 169 418 192 CUR
443 169 476 193 IN
504 169 646 193 PENTEC.
675 169 777 200 ACTA,
806 167 882 191 ETC·
911 165 944 188 IN
972 166 1116 191 ancw.
1146 169 1316 193 Acronum.
1346 171 1393 194 lv.

108 232 153 260 οὐκ
165 231 195 260 ἂν
208 232 272 270 ὁμοῦ
285 231 426 272 τρισχίλιοι
445 231 610 268 ἐπίστευσαν,
625 233 671 262 οὔκ
684 233 715 261 ἂν
733 242 873 261 πεντακισ-

106 276 197 315 χίλιοι.
209 276 292 316 Ὁρᾷς
307 279 363 309 πῶς
377 279 469 306 ε’κεῐνοι
485 278 532 315 μὲν
546 279 614 316 ὠμοὶ
633 279 677 307 καὶ
693 280 800 313 ἀπηνεῖς
815 276 875 315 περὶ

104 321 138 350 τὰ
157 323 249 361 ἔκγονα
269 323 353 351 αὐτῶν
371 322 441 356 ὄντες
461 323 505 352 καὶ
520 323 567 359 τὴν
591 324 667 363 φύσιν
691 323 772 358 αὐτὴν
794 323 874 361 ἠγνό-

105 379 185 404 ησαν,
201 371 214 397 ὁ
228 368 254 397 δὲ
270 367 336 401 Θεὸς
351 367 472 407 πατέρων
486 369 607 398 ἁπάντιιιν
624 368 875 409 φιλανθρωπότερος,

105 413 149 442 καὶ
165 413 286 452 μητέρων
304 414 532 453 φιλοστοργότερος
550 414 669 454 γε’γονενς
684 414 806 452 Ἰἰγένετο
827 413 874 451 μὲν

104 458 155 498 γὰρ
171 459 201 488 τὸ
221 455 287 497 αἷμα
307 461 385 488 αὐτοῦ
400 461 440 488 ἐπ’
456 460 546 492 αὐτοὺς
559 461 603 489 καὶ
623 460 666 489 ἐπὶ
684 459 717 488 τὰ
735 459 814 488 τέκνα
828 459 874 486 αὖ-

104 507 155 534 τῶν
167 517 172 522 ·
188 504 232 534 ἐπὶ
254 504 288 533 τὰ
305 504 384 534 τέκνα
401 505 426 534 δὲ
447 506 505 545 οὐχὶ
522 506 608 534 πάντα
620 527 628 541 ,
650 506 707 534 ἀλλ’
727 506 767 533 ἐπ’
789 506 875 533 ἐκεῖνα

105 549 182 588 μόνον
203 551 236 579 τὰ
257 551 432 589 μιμησάμενα
457 551 504 587 τὴν
527 551 657 591 πατρικὴν
683 550 803 579 ἀσέῧειαν
829 549 874 578 καὶ

103 597 271 636 παρανομίαν
282 619 290 632 ,
319 597 363 626 καὶ
391 597 446 627 ὅσοι
470 594 536 633 ἦσαν
562 599 649 630 αὐτοῖς
670 597 720 625 υἱοὶ
745 598 774 625 οὐ
805 595 873 625 κατὰ

101 642 149 678 τὴν
165 645 211 678 τῆς
233 643 333 682 φύσεως
354 643 487 683 διαδοχὴν,
512 643 580 672 ἀλλὰ
601 643 669 672 κατὰ
686 642 733 678 τὴν
748 645 795 678 τ’ἧς
809 654 873 682 προ-

103 688 227 728 αιρέσεως
252 689 357 727 μανίαν,
380 685 451 718 οὗτοι
478 689 552 728 μόνοι
572 689 709 727 γεγόνασιν
735 688 872 717 ὑπεύθυνοι

102 736 154 763 τῶν
174 737 272 764 κακῶν.
287 734 386 764 Σκόπει
408 735 436 764 δέ
451 747 495 773 μοι
510 735 554 763 καὶ
566 735 690 774 ἑτέρωθεν
708 735 756 771 τὴν
772 736 872 774 ἀγαθό-

102 792 170 815 τητα
190 780 234 808 καὶ
257 780 452 819 φιλανθρωπίαν
478 783 523 809 τοῦ
544 782 623 810 Θεοῦ.
645 782 685 810 Οὐ
707 780 758 820 γὰρ
780 780 873 812 εὐθέως

103 826 233 865 ἐπήγαγεν
248 827 290 856 ἐπ’
309 827 402 860 αὐτοὺς
416 827 462 862 τὴν
478 826 586 856 κόλασιν
609 827 653 855 καὶ
669 826 716 862 τὴν
731 826 872 866 τιμωρίαν,

102 872 171 901 ἀλλὰ
183 872 376 912 τεσσαράκοντα
387 873 432 901 καὶ
447 872 555 901 πλείονα
569 872 614 907 ἔτη
631 872 731 901 διέλιπε
746 872 812 911 μετὰ
828 872 872 901 τὸν

101 918 225 958 σταυρόν.
239 919 323 952 Αὐτὸς
338 918 385 957 μὲν
396 918 446 958 γὰρ
458 921 470 948 ὁ
482 918 578 959 Σωτὴρ
591 918 634 947 ἐπὶ
646 918 770 958 Τιθερίου
782 920 873 947 ἐσταυ-

103 963 188 1004 ρώθη·
216 967 233 1000 ἡ
263 964 290 994 δὲ
317 965 391 998 πόλις
416 966 500 994 αὐτῶν
525 965 568 994 ἐπὶ
598 966 799 994 Οὐεσπασιανοῦ
827 964 872 993 καὶ

101 1010 183 1040 Τίτου
200 1011 277 1040 ἑάλω.
289 1011 368 1044 Τίνος
382 1006 424 1040 οὖν
439 1010 523 1040 ἕνεκεν
538 1010 581 1039 τὸν
595 1010 662 1049 μετὰ
679 1014 763 1039 ταῦτα
780 1013 870 1040 τοῦτον

101 1056 195 1096 χρόνον
220 1056 350 1092 διέλιπεν,
369 1057 530 1095 Βουλόμενος
558 1058 644 1090 αὐτοῖς
667 1058 754 1085 δοῦναι
780 1057 871 1096 καιρὸν

103 1101 256 1140 μετανοίας,
270 1102 338 1131 ὥστε
355 1102 534 1131 ἀποδύσασθαι
549 1102 583 1131 τὰ
603 1102 870 1140 πεπλημμελημένοι,

103 1146 171 1176 ὥστε
196 1147 409 1187 ἀποκρούσασθαι
429 1147 461 1176 τὰ
484 1148 651 1186 ἐγκλήματα.
663 1147 773 1184 Ἐπειδὴ
789 1147 816 1176 δὲ
827 1148 872 1177 καὶ

102 1192 265 1233 προθεσμίαν
281 1193 418 1231 μετανοίας
432 1193 555 1227 λαῧόντες
569 1194 661 1232 ἔμενον
673 1192 785 1227 ἀνιάτως
799 1194 872 1233 ἔχον-

102 1250 160 1274 τες,
178 1239 295 1278 ἐτι-ἤγαγε
309 1240 399 1268 λοιπὸν
415 1241 502 1272 αὐτοῖς
516 1239 564 1275 τὴν
579 1240 686 1269 κόλασιν
701 1239 747 1268 καὶ
767 1240 814 1275 τὴν
829 1253 870 1269 τι-

102 1284 214 1324 μωρίαν,
239 1285 284 1313 καὶ
307 1285 355 1320 τὴν
383 1285 460 1314 πόλιν
482 1285 598 1314 καθελὼν
625 1285 749 1325 ἐξήγαγεν
779 1286 872 1319 αὐτοὺς

102 1329 256 1370 διασπείρας
273 1333 409 1370 πανταχοῦ
430 1333 477 1366 τῆς
490 1330 660 1369 οἰκουμένης,
676 1332 720 1359 καὶ
736 1335 812 1361 τοῦτο
829 1332 871 1361 διὰ

102 1376 300 1416 φιλανθρωπίαν
323 1378 416 1405 ποιῶν.
440 1376 580 1417 Διέσπειρε
612 1377 662 1415 γὰρ
696 1377 805 1413 αὐτοὺς,
830 1378 872 1406 ἵνα

101 1425 237 1462 πανταχοῦ
252 1425 299 1458 τῆς
318 1422 470 1461 οἰκουμένης
493 1422 717 1462 προσκυνούμενον
738 1423 812 1453 ἴδωσι
827 1424 870 1453 τὸν

101 1469 145 1498 ὑπ’
164 1470 249 1498 αὐτῶν
271 1468 455 1507 σταυρωθέντα
470 1469 596 1508 Χριστὸν,
611 1468 654 1497 ἵνα
669 1471 779 1509 ὁρῶντες
794 1469 871 1498 αἶτὸν

100 1514 323 1554 προσκυνούμενον
339 1514 388 1543 ὑπὸ
403 1514 517 1549 πάντων,
532 1514 577 1543 καὶ
594 1514 719 1553 μαθόντες
734 1516 811 1544 αὐτοῦ
822 1514 870 1550 τὴν

101 1560 222 1598 δύναμιν,
241 1561 367 1598 ἐπιγνῶσι
385 1562 432 1595 τῆς
451 1559 547 1593 οἰκείας
560 1560 681 1593 οἶσεὸείας
694 1560 742 1596 τὴν
757 1561 871 1600 ὑπερὸο-

99 1605 159 1641 λὴν,
181 1605 225 1634 καὶ
240 1605 387 1644 ἐπιγνόντες
400 1606 564 1634 ἔπανέλθωσι
578 1606 642 1645 πρὸς
663 1606 710 1641 τὴν
735 1606 871 1641 ἀλήθειαν.

99 1652 152 1681 Καὶ
167 1651 256 1681 λοιπὸν
272 1653 289 1686 ἡ
305 1651 476 1690 αἷχμαλωσία
489 1653 575 1684 αὐτοῖς
590 1652 746 1681 διδασκαλία
760 1652 868 1691 ἐγίνετο,

98 1698 143 1727 καὶ
153 1701 169 1734 ἡ
182 1697 296 1738 τιμωρία
312 1697 431 1726 νουθεσία
443 1709 448 1715 ·
465 1699 487 1726 εἰ
507 1697 559 1739 γὰρ
574 1698 664 1736 ἔμενον
681 1699 725 1727 ἐπὶ
740 1700 787 1733 ri<
801 1700 867 1728 Ἰου-

98 1743 174 1776 δαίας
184 1746 248 1782 γῆς,
263 1744 310 1772 οὐκ
328 1743 358 1771 ἂν
375 1743 490 1782 ἔγνωσαν
505 1746 557 1772 τῶν
571 1746 712 1784 προφητῶν
732 1744 780 1780 τὴν
801 1744 865 1780 ἀλή-

886 1245 905 1267 D

95 1792 176 1819 Θειαν.
187 1788 284 1829 Τίγὰρ
298 1789 342 1818 καὶ
356 1789 444 1828 ἔλεγον
461 1792 485 1818 οἱ
503 1792 651 1830 προφῆται;
670 1790 785 1826 Αἴτησαι
799 1793 863 1832 παρ’
877 1798 896 1820 E

96 1837 175 1874 ἐμοῦ,
189 1835 233 1864 καὶ
252 1834 328 1864 δώσω
343 1847 383 1864 σοι
401 1835 461 1870 ἔθνη
480 1835 527 1870 τὴν
548 1836 723 1875 κληρονομίαν
736 1848 798 1873 σου,
817 1838 862 1866 καὶ

96 1879 144 1915 τὴν
155 1880 314 1920 κατάσχεσίν
327 1893 371 1910 σου
388 1881 422 1910 τὰ
439 1880 542 1921 πέρατα
561 1884 604 1917 τῆς
617 1885 674 1921 γῆς.
689 1882 764 1912 Ἔδει
777 1883 862 1912 τοίνυν

97 1925 190 1959 αὖτοὺς
212 1926 322 1960 ἐξελθεῖν
347 1927 384 1959 εἷς
403 1926 437 1955 τὰ
457 1927 559 1966 πέρατα
582 1930 629 1963 τῆς
639 1931 703 1967 γῆς,
720 1928 762 1958 ἰ’να
776 1928 866 1958 ἴδωσιν

97 1972 201 2005 οἰκείοις
217 1974 374 2011 ὀφθαλμοῖς,
396 1973 434 2001 ὅτι
454 1973 499 2001 καὶ
514 1973 547 2002 τὰ
563 1974 666 2014 πέρατα
679 1977 727 2010 τῆς
748 1978 796 2014 γ”ἧς
819 1988 866 2004 κα-

96 2017 170 2056 τέχει
186 2020 199 2046 ὁ
219 2018 341 2058 Χριστός.
356 2019 443 2047 Πάλιν
460 2014 503 2047 οῧν
519 2019 605 2058 ἕτερος
624 2021 760 2060 προφήτης
779 2021 865 2060 λέγει·

98 2063 150 2092 Καὶ
165 2063 390 2101 προσκυνήσουσιν
406 2066 478 2103 αὐτῷ
493 2065 600 2099 ἕκαστος
618 2067 648 2094 ἐκ
665 2070 710 2094 τοῦ
724 2066 804 2095 τόπου
822 2069 867 2095 αὖ·

96 2110 152 2137 τοῦ.
163 2108 237 2138 Ἔδει
252 2109 337 2137 τοίνυν
353 2109 443 2142 αὐτοὺς
458 2111 494 2142 εἷς
514 2111 618 2140 ἅπαντα
633 2112 811 2152 διασπαρῆναι
823 2112 867 2141 τό-

96 2166 145 2183 πον
167 2156 214 2189 τ’ῆς
234 2156 297 2192 γῆς,
318 2154 360 2183 ἵνα
381 2155 469 2184 ἴδωσιν
492 2156 596 2189 οἰκείοις
615 2157 731 2195 ὄμμασιν
756 2158 865 2186 ἕκαστον

98 2201 128 2228 ἐκ
143 2203 188 2229 τοῦ
203 2199 283 2228 τόπου
307 2200 385 2228 αὐτοῦ
406 2205 600 2240 προσκυνοῦντα
613 2203 700 2232 αὐτόν.
715 2203 801 2232 Πάλιν
816 2204 865 2232 ἅλ-

94 2247 139 2278 λος
152 2241 209 2274 εἶπε
219 2257 225 2263 ·
241 2245 430 2280 Πλησθῆσεται
442 2249 457 2281 ἡ
469 2248 503 2285 γῆ
521 2250 566 2276 τοῦ
579 2250 676 2286 γνῶναι
695 2249 738 2277 τὸν
757 2249 863 2288 Κύριον,

95 2294 131 2325 ὡς
153 2292 222 2331 ὕδωρ
241 2291 306 2320 πολὺ
327 2293 513 2332 κατακαλύψαι
532 2294 676 2327 θαλάσσας.
691 2294 766 2324 Ἔδει
779 2296 863 2325 τοίνυν

96 2337 189 2370 αὐτοὺς
203 2339 239 2371 εἷς
254 2338 359 2367 ἅπασαν
378 2337 427 2373 τὴν
441 2341 490 2377 γῆν
506 2340 637 2374 ἀπελθεῖν,
656 2340 725 2369 ὥστε
740 2341 801 2370 ἰδεῖν
822 2343 864 2371 αὐ-

92 2384 140 2420 τὴν
153 2383 363 2424 πεπληρωμένην
387 2387 433 2413 τοῦ
453 2387 551 2424 γνῶναι
564 2386 607 2415 τὸν
623 2386 728 2426 Κύριον,
748 2387 793 2417 καὶ
816 2388 864 2421 τὰς

93 2430 240 2466 θαλάσσας,
262 2430 381 2459 τουτέστι
403 2429 450 2463 τὰς
477 2432 657 2469 πνευματικὰς
674 2432 771 2466 ταύτας
793 2433 860 2463 Ἐκ-

93 2475 219 2511 κλησίας,
240 2478 287 2510 τῆς
309 2476 455 2509 θεοσεὸείας
471 2477 687 2515 μεμεστωμένας.
704 2478 756 2507 Διὰ
778 2484 860 2509 ταῦτα

95 2521 241 2561 διέσπειρεν
256 2521 347 2554 αὐτοὺς
359 2524 372 2550 ὁ
382 2522 450 2554 Θεὸς
463 2526 598 2562 πανταχοῦ
613 2525 661 2558 τῆς
680 2526 742 2561 γῆς·
765 2526 788 2554 εἷ
809 2525 859 2565 γὰρ

77 2568 123 2596 “ε’ν
140 2567 254 2607 Ἰουδαίᾳ
275 2567 418 2604 ἐκάθηντο,
441 2571 524 2597 ταῦτα
547 2568 576 2596 ἂν
596 2569 737 2607 ἠγνόησαν.
762 2573 861 2602 Λοιπὸν

1572 158 1638 194 115

927 228 1006 256 stoli:
1024 239 1190 269 nequaqnam
1208 239 1246 260 ter
1264 232 1339 260 mille
1357 231 1438 259 simul
1452 230 1639 268 credidissent,

927 284 1010 312 neque
1025 276 1167 314 quinquies
1180 277 1262 306 mille.
1276 277 1359 307 Vides
1369 284 1396 305 ut
1411 277 1448 304 illi
1460 277 1568 314 quidem
1580 288 1639 305 rru-

927 317 999 346 ‹lelcs
1020 330 1050 347 ac
1067 322 1130 349 saevi
1144 332 1203 349 cnm
1221 322 1246 350 in
1262 333 1322 350 snos
1337 322 1433 349 liberos
1449 328 1545 355 essent,
1556 322 1640 360 ipsam

929 362 1010 392 ctiam
1034 372 1157 394 naturam
1172 367 1339 406 abnegarint‚
1355 369 1428 395 Deus
1450 373 1537 394 autem
1554 374 1641 405 patres

926 421 1017 439 omnes
1033 413 1197 450 superaverit
1211 413 1390 451 benignitate,
1406 424 1437 440 ac
1455 412 1524 440 lilios
1547 413 1640 450 majori

926 468 1006 495 quam
1020 465 1115 486 matres
1131 459 1209 487 suerit
1229 470 1319 487 amore
1333 457 1510 497 complexus?
1525 458 1642 495 Sanguis

925 503 995 532 enim
1009 505 1066 543 ejus
1077 515 1156 544 super
1170 505 1230 534 illos
1244 512 1269 534 ct
1280 516 1360 544 super
1371 505 1479 533 illorum
1493 504 1562 532 lilios
1573 504 1640 541 suit;

925 560 1005 588 snper
1022 550 1091 579 {ilios
1104 561 1167 579 vero
1178 562 1228 580 non
1246 562 1348 586 omnes,
1361 550 1406 579 sed
1421 562 1501 590 snper
1512 551 1572 579 illos
1585 560 1641 581 [an-

926 602 992 631 tum,
1011 596 1057 634 qni
1079 603 1216 635 paternam
1242 598 1405 636 impietatem
1422 604 1447 625 et
1473 597 1641 636 iniquitatem

925 641 1021 670 imitati
1035 649 1108 677 sunt,
1122 649 1147 671 et
1169 650 1300 681 quotquot
1321 643 1375 671 illis
1398 643 1448 671 filii
1466 644 1573 672 suerunt
1588 655 1640 673 non

924 687 1071 716 secundum
1092 696 1191 717 natura:
1212 690 1417 726 successionem,
1434 689 1481 718 sed
1493 690 1640 719 secundum

924 733 1070 763 voluntatis
1085 734 1225 771 insaniam,
1240 735 1267 763 lui
1284 735 1332 763 soli
1348 735 1426 763 malis
1439 736 1500 764 sacti
1511 743 1573 765 sunt
1587 737 1639 765 ob-

924 780 1010 808 noxii.
1026 780 1069 808 Tu
1084 791 1147 809 vero
1162 780 1228 809 mihi
1244 780 1390 809 bonitatem
1405 791 1435 809 ac
1446 781 1639 819 benignitatem

924 826 974 854 Dei
989 826 1097 854 aliunde
1108 837 1214 865 quoque
1228 826 1374 856 considera.
1390 828 1448 855 Non
1464 828 1534 856 enim
1548 829 1640 857 statim

923 874 978 902 illis
992 874 1156 913 supplicium
1174 885 1204 903 ac
1219 885 1324 914 poenam
1341 874 1447 911 intulit,
1461 876 1509 904 sed
1523 876 1640 914 qnadra-

924 919 996 957 ginta
1011 927 1035 948 ct
1050 920 1139 959 plures
1152 920 1221 949 elabi
1238 927 1297 960 post
1312 920 1461 960 passionem
1471 932 1554 950 annos
1565 922 1638 951 sivit.

922 965 1063 1004 Siquidem
1072 966 1196 994 Salvator
1211 966 1268 1005 ipse
1283 966 1392 995 Tiberio
1406 966 1552 1006 imperante
1564 968 1638 996 cruci

922 1013 1021 1040 affixus
1041 1018 1126 1041 est:at
1139 1012 1248 1041 illorum
1262 1011 1358 1040 civitas
1370 1011 1563 1052 imperantibus
1580 1015 1636 1042 Ve-

921 1057 1043 1096 spasiano
1055 1068 1086 1085 ac
1096 1057 1160 1086 Tito
1172 1064 1248 1096 capta
1260 1063 1307 1086 est.
1319 1057 1374 1085 Cur
1385 1057 1468 1094 igitur
1477 1068 1638 1096 consequens

921 1109 1027 1142 tempus
1039 1103 1149 1132 omisit?
1161 1103 1257 1133 Voluit
1268 1103 1322 1131 iltis
1336 1103 1451 1142 spatium
1463 1103 1498 1132 ad
1512 1105 1639 1143 poeniten-

922 1149 986 1177 tiam
1001 1149 1131 1187 agendam
1151 1149 1279 1189 praebere,
1298 1156 1327 1178 ut
1337 1156 1443 1188 peccata
1459 1149 1639 1189 deponerent,

922 1201 952 1223 ut
976 1194 1116 1223 criminaa
1135 1205 1161 1223 se
1182 1194 1356 1234 depellerent,
1380 1195 1525 1233 Postquam
1549 1203 1639 1225 autem

922 1241 1049 1280 temporis
1071 1241 1188 1280 spatium
1205 1240 1239 1269 ad
1260 1240 1441 1279 poenitentiam
1458 1241 1640 1280 praestitutum

921 1285 1048 1314 babentes
1058 1285 1249 1315 immedicabili
1264 1296 1291 1314 se
1303 1286 1424 1314 laborare
1438 1287 1532 1315 morbo
1545 1298 1600 1326 prm
1612 1298 1640 1316 se

922 1332 1050 1370 tulerunt,
1064 1339 1121 1361 tum
1132 1332 1242 1361 demum
1251 1332 1415 1371 supplicium
1426 1332 1480 1360 illis
1491 1343 1521 1361 ac
1532 1343 1639 1372 poenam

921 1378 1022 1414 intulit,
1038 1385 1063 1406 et
1083 1389 1173 1407 eversa
1195 1378 1305 1406 illorum
1331 1377 1398 1405 urbe
1413 1388 1460 1416 pcr
1482 1378 1639 1408 universum

921 1422 1013 1452 orbem
1033 1430 1164 1451 terrarum
1187 1422 1296 1450 eductos
1319 1421 1380 1450 illos
1402 1421 1536 1461 dispersit.
1553 1426 1640 1461 Atque

920 1468 971 1498 hoc
994 1468 1167 1507 benignitatis
1181 1468 1238 1506 ejus
1257 1478 1325 1506 opus
1341 1467 1401 1495 fuit.
1416 1467 1558 1506 Siquidem
1579 1469 1639 1498 illos

919 1513 1056 1554 dispersit,
1073 1520 1103 1542 ut
1120 1513 1268 1550 Christum,
1285 1524 1364 1552 quem
1387 1513 1460 1541 cruci
1475 1514 1618 1543 affixerant
1629 1538 1637 1551 ,

920 1561 1020 1598 ubique
1040 1567 1171 1589 terrarum
1187 1566 1324 1588 cernerent
1338 1558 1453 1595 adorari,
1469 1567 1498 1588 ut
1519 1571 1580 1589 cum
1601 1562 1636 1590 ab

919 1606 1044 1635 omnibns
1075 1605 1216 1634 adoratum
1243 1605 1321 1633 illum
1345 1613 1480 1634 cernerent
1492 1628 1499 1641 ,
1524 1607 1635 1645 ejusque

917 1652 1045 1682 virtutem
1052 1652 1227 1691 perciperent,
1239 1662 1372 1680 summam
1381 1662 1456 1679 suam
1469 1652 1576 1691 impieta
1583 1660 1636 1682 tem

917 1705 1095 1737 agnoscerent,
1104 1708 1187 1736 eaque
1197 1697 1299 1735 cognita
1315 1696 1349 1725 ad
1361 1697 1500 1725 veritatem
1510 1697 1636 1728 redirent.

918 1746 1006 1784 Atque
1029 1745 1085 1784 ipsa
1104 1744 1246 1784 eaptivitas
1269 1743 1323 1772 illis
1339 1743 1435 1772 deinde
1450 1743 1592 1781 doctrinae,
1605 1756 1636 1774 ac

916 1791 1084 1831 supplicium
1100 1790 1290 1819 admonitionis
1305 1789 1470 1818 occasionem
1486 1791 1614 1820 afferebat
1630 1803 1637 1819 z

916 1837 938 1865 si
953 1836 1024 1864 enim
1039 1836 1065 1864 in
1080 1835 1190 1873 regione
1201 1833 1302 1864 Judaeae
1316 1834 1514 1871 remansissent,
1529 1845 1636 1864 veraces

916 1881 996 1910 fuisse
1019 1881 1163 1920 prophetas
1186 1890 1237 1908 non
1257 1879 1436 1917 agnovissent.
1458 1879 1532 1913 Quid
1563 1880 1635 1908 enim

917 1927 1054 1968 prophetae
1065 1925 1211 1955 dicebant?
1223 1925 1349 1953 Postula
1359 1935 1377 1952 a
1389 1935 1444 1961 me,
1455 1931 1483 1952 et
1493 1926 1570 1953 dabo
1581 1927 1635 1954 tibi

916 1980 1015 2012 gentes
1040 1973 1232 2000 hereditatem
1253 1976 1334 1997 tuam
1347 1991 1354 2005 ,
1375 1976 1402 1997 et
1424 1972 1635 2007 possessionem

920 2026 1002 2047 tuam
1019 2019 1155 2046 terminos
1167 2023 1259 2045 terrae.
1273 2015 1367 2053 Itaque
1378 2014 1438 2043 illos
1449 2016 1539 2053 egredi
1555 2027 1635 2056 opor-

918 2064 970 2092 tuit
980 2063 1015 2091 ad
1024 2069 1098 2091 terrae
1105 2062 1240 2095 terminos,
1247 2067 1276 2088 ut
1283 2060 1400 2100 propriis
1406 2060 1490 2089 oeulis
1499 2069 1635 2091 cernerent

917 2120 933 2138 a
945 2109 1051 2138 Christo
1066 2115 1141 2137 terrae
1155 2107 1280 2136 terminos
1294 2106 1436 2146 possideri.
1450 2108 1554 2136 Rursus
1564 2109 1634 2137 alius

918 2154 1049 2194 propheta
1072 2152 1155 2181 dicit:
1170 2153 1209 2180 Ec
1225 2152 1391 2180 adorabunt
1412 2161 1475 2179 eum
1498 2154 1633 2191 singulie

920 2197 1221 2238 locossuo.qErgo·‘illos
1241 2208 1290 2237 per
1299 2196 1388 2225 omnia
1410 2204 1485 2225 terrae
1507 2197 1564 2226 loca
1584 2199 1631 2227 di—

918 2245 1006 2285 spergi
1020 2244 1148 2284 oportuit,
1163 2250 1192 2272 ut
1202 2253 1418 2281 unumquemque
1427 2242 1540 2272 adorare
1554 2244 1632 2274 illum

916 2291 1034 2332 propriis
1054 2290 1139 2319 oculis
1163 2295 1307 2318 cernerent.
1326 2289 1430 2316 Rursus
1451 2289 1521 2318 alius
1541 2290 1630 2319 dixit:

916 2338 1085 2377 Replebitur
1093 2343 1199 2375 =ter-ra,
1222 2342 1251 2364 ιιι
1278 2341 1432 2374 cognoscat
1459 2336 1628 2372 Dominum,

916 2382 1092 2424 sicutJaqua}
1109 2382 1203 2411 multa
1216 2382 1256 2410 ad
1264 2381 1460 2420 :operiendum
1481 2384 1584 2411 maria.
1600 2383 1630 2411 In

915 2441 1021 2459 omnem
1037 2426 1320 2468 igiturgterramhhire
1330 2427 1390 2455 illos
1405 2427 1534 2466 oportuit,
1547 2435 1577 2456 ut
1591 2439 1630 2457 re-

915 2479 1015 2519 pletam
1036 2478 1113 2506 illam
1126 2475 1286 2516 *cognitione
1306 2474 1416 2503 Domini
1444 2474 1580 2509 viderent,
1604 2482 1630 2504 ct

914 2522 1010 2559 maria,
1024 2521 1075 2550 hoc
1086 2527 1124 2550 est
1139 2519 1291 2559 spirituales
1299 2519 1362 2547 istas
1373 2519 1505 2547 Ecclesias
1513 2542 1519 2554 ‚
1530 2520 1631 2558 pietate

916 2568 1092 2598 redundantia
1099 2568 1249 2606 Propterea
1256 2565 1355 2603 ubique
1371 2571 1500 2594 terrarum
1507 2564 1631 2604 dispersit

1666 979 1790 1000 Jeruxatevn

1648 1012 1737 1038 quaudo
1750 1019 1790 1031 ex-

1648 1043 1699 1063 cha.

1644 1948 1710 1970 Psal.
1725 1954 1747 1970 2.
1759 1949 1784 1972 8,

1642 2172 1712 2201 Soph.
1723 2178 1745 2198 2.

1646 2209 1680 2224 ιι.

1642 2368 1781 2396 llnh.2.1.'0.
