1840 2839
728 182 865 205 151’15'1‘01.
875 184 906 204 fl.

55 242 126 279 ὅμως
147 242 191 270 καὶ
214 242 273 281 πρὶν
296 241 312 276 ἢ
333 244 424 281 μαθεῖν
449 243 496 278 τὴν
513 242 607 277 αἰτίαν,
629 244 746 273 ὠδυνᾶτο
761 245 820 283 μὲν,

55 287 129 327 ἔφερε
144 287 170 316 δὲ
189 287 326 326 γενναίως,
343 288 386 316 καὶ
411 288 478 325 μετὰ
502 289 531 317 τὸ
555 289 641 318 πάντα
669 291 821 326 ἀποίαλεῖν,

54 334 101 368 τὴν
116 333 262 371 θαυμασίαν
275 333 375 369 ἐκείνην
386 335 470 373 ἀφῆκε
482 335 569 374 φωνήν
579 347 584 353 ’
601 335 634 364 ‘0
651 336 743 375 Κύριος
757 337 821 366 ἔδω-

55 391 108 415 κεν,
123 381 136 408 ὁ
147 379 241 418 Κύριος
256 379 392 419 ἀφείλετο,
407 382 442 413 ὡς
464 382 501 419 τῷ
524 382 612 420 Κυρίῳ
627 381 720 416 ἔδοξεν,
740 383 820 415 οὕτως

55 425 99 453 καὶ
123 425 238 464 ἐγένετο’
262 427 301 462 εἴη
322 427 352 455 τὸ
368 426 449 465 ὄνομα
473 427 571 466 Κυρίου
596 429 767 467 εὐλογημένον
785 431 820 462 εἷς

54 471 111 504 τοὺς
126 472 228 504 αἰῶνας.

93 1342 172 1372 Ἀλλὰ
184 1343 235 1383 γὰρ
247 1343 319 1372 ἔοικα
334 1344 383 1373 ὑπὸ
403 1346 449 1373 τοῦ
463 1344 557 1384 ἔρωτος
577 1347 622 1374 τοῦ
637 1344 727 1384 ἀνδρὸς
746 1356 822 1374 κατε-

53 1389 178 1428 χόμενος,
194 1389 353 1429 πορρωτέρω
367 1391 414 1424 τῆς
434 1390 580 1423 ὑποθέσεως
601 1390 756 1426 ἐληλακέναι
776 1393 823 1425 τῆς

53 1435 244 1474 προκειμένης·
260 1436 299 1465 διὸ
320 1435 396 1474 ὀλίγα
421 1435 542 1475 προσθεὶς
558 1436 660 1475 ἅψομαι
680 1437 732 1464 τῶν
754 1447 822 1475 προ-

53 1480 180 1518 κειμένων
195 1481 283 1510 πάλιν.
299 1477 384 1514 Οὗτος
407 1481 492 1510 τοίνυν
516 1484 530 1510 ὁ
549 1486 669 1515 τοσοῦτος
689 1482 734 1511 καὶ
749 1484 823 1518 τηλι-

53 1528 144 1559 κοῦτος
159 1527 225 1567 ἀνὴρ
234 1551 241 1564 ,
255 1530 269 1556 ὁ
280 1528 407 1561 τοσαύτας
422 1528 538 1566 ἀνάγκας
552 1527 654 1568 φύσεως
669 1529 823 1564 καταπατή-

54 1584 116 1607 σας,
132 1575 178 1602 οὒκ
194 1573 336 1611 ἐτόλμησεν
351 1573 408 1603 οὐδὲ
427 1574 503 1607 αὐτὸς
519 1576 555 1607 εἷς
570 1575 613 1604 τὸν
629 1577 719 1614 ἀγῶνα
732 1578 822 1604 τοῦτον

55 1620 189 1654 καθεῖναι,
203 1618 271 1647 ἀλλὰ
293 1619 338 1647 καὶ
358 1619 479 1658 γυναικὸς
501 1619 648 1656 ἀπέλαυσε,
669 1620 714 1649 καὶ
734 1620 822 1659 πατὴρ

53 1663 156 1701 ἐγένετο
169 1663 269 1692 παίδων
289 1664 428 1694 τοσούτων.
444 1665 568 1701 Τοσαύτη
587 1668 634 1701 τῆς
653 1666 793 1706 παρθενίας
805 1669 821 1702 ἡ

56 1709 193 1745 δυσκολία,
207 1709 288 1743 οὕτως
303 1710 398 1750 ὑψηλοὶ
419 1711 464 1739 καὶ
487 1712 597 1751 μεγάλοι
613 1713 692 1747 αὐτῆς
709 1714 733 1741 οἷ
748 1714 821 1751 ἀγῶ-

56 1767 110 1792 νες,
133 1755 179 1785 καὶ
202 1757 315 1796 χαλεποὶ
335 1759 359 1786 οἱ
381 1758 501 1796 ἱδρῶτες,
522 1757 567 1786 καὶ
587 1759 686 1794 πολλῆς
706 1758 822 1797 δεόμενοι

53 1804 101 1837 τῆς
116 1802 239 1835 εὐτονίας.
254 1804 324 1832 Ἀλλ’
336 1803 406 1842 ὅμως
422 1804 518 1833 πολλαὶ
532 1805 583 1833 τῶν
598 1805 662 1844 πρὸς
675 1805 718 1833 τὸν
733 1807 822 1844 ἀγῶνα

53 1849 143 1876 τοῦτον
170 1848 384 1886 ἀποδυσαμένων,
404 1850 488 1878 ἐκεῖνο
507 1851 535 1878 οὐ
561 1850 775 1889 κατηγωνίσαντο
792 1851 823 1880 τὸ

55 1893 150 1927 πάθος,
165 1894 195 1922 τὸ
208 1897 253 1923 τοῦ
261 1896 453 1933 καλλωπισμοῦ
472 1898 519 1930 τῆς
532 1896 676 1936 περιὸολῆς
692 1898 743 1924 τῶν
757 1898 822 1934 ἵμα-

55 1939 128 1975 τίων,
141 1940 198 1968 ἀλλ’
214 1940 333 1968 ἑάλωσαν
346 1940 391 1968 καὶ
412 1940 589 1980 ἐχειρώθησαν
604 1941 648 1970 καὶ
667 1944 719 1970 τῶν
736 1944 824 1980 βιωτι-

57 1986 109 2012 κῶν
124 1987 253 2022 γυναικῶν
269 1986 379 2023 μᾶλλον.
394 1985 441 2020 Μὴ
458 1988 508 2024 γάρ
525 1998 569 2024 μοι
590 1989 666 2016 τοῦτο
685 1987 762 2025 λέγε,
784 1987 824 2017 ὅτι

56 2030 164 2068 χρυσίον
179 2031 208 2058 οὖ
223 2030 383 2070 περίκειται,
395 2031 452 2059 οὐδὲ
473 2031 571 2070 σηρικὰ
589 2032 634 2060 καὶ
654 2033 826 2071 χρυσόπαστα

58 2075 262 2115 περιὸέὸληνται
276 2076 370 2113 ἱμάτια
379 2098 386 2111 ,
398 2077 456 2105 οὐδὲ
470 2077 642 2116 περιδέῤῥαια
651 2078 826 2114 λιθοκόλλητα

58 2121 156 2160 ἔχουσι.
174 2122 214 2150 Τὸ
228 2121 277 2160 γὰρ
291 2122 475 2160 χαλεπώτερον
492 2123 607 2160 μάλιστα
630 2123 735 2153 πάντων
751 2125 827 2154 τοῦτο’

58 2169 129 2201 ἔστι,
142 2167 186 2196 καὶ
204 2167 218 2196 ὃ
238 2170 294 2205 μεθ’
309 2169 455 2207 ὑπερὲολῆς
477 2168 604 2197 δείκνυσιν
630 2170 715 2198 αὐτῶν
734 2170 764 2199 τὸ
784 2171 825 2199 νό-

59 2225 148 2251 σημα,
162 2213 207 2241 καὶ
226 2216 272 2241 τοῦ
293 2213 391 2246 πάθους
412 2213 459 2249 τὴν
482 2215 634 2254 τυραννίδα,
655 2216 695 2244 ὅτι
715 2216 826 2255 ἴσχυσαν

58 2259 103 2288 καὶ
115 2259 311 2298 ἐφιλονείκησαν
324 2259 368 2288 καὶ
384 2260 523 2289 ἒὲιάσαντο
537 2261 568 2289 δι’
585 2262 695 2290 εὐτελῶν
714 2262 825 2300 ἱματίων

59 2304 163 2334 ἐκείνων
188 2305 391 2344 ὑπερακοντίσαι
414 2306 457 2334 τὸν
492 2306 682 2344 καλλωπισμὸν
717 2309 768 2336 τῶν
793 2308 827 2337 τὰ

59 2355 145 2388 χρυσᾶ
158 2351 345 2390 περικειμένων
369 2352 414 2380 καὶ
435 2352 468 2380 τὰ
488 2352 581 2389 ἱμάτια
602 2352 635 2381 τὰ
657 2352 768 2392 σηρικὰ,
783 2354 827 2382 καὶ

60 2395 200 2434 ἐπέραστοι
223 2398 321 2433 μᾶλλον
337 2398 468 2427 ἶ’ἐντεῦθεν
490 2399 573 2426 αὐτῶν
588 2400 717 2437 φανῆναι,
732 2401 766 2431 ὡς
780 2399 826 2437 μὲν

878 244 979 273 nullius
992 243 1111 272 criminis
1120 243 1171 272 sibi
1184 243 1280 272 conscii
1294 250 1366 279 sunt,
1379 253 1471 271 verum
1483 243 1590 272 eximiis

877 290 1008 319 virtutum
1030 290 1190 319 ornamentis
1207 289 1326 329 pra-diti,
1344 289 1364 317 si
1377 289 1443 327 quid
1458 290 1589 328 ejusmodi

877 336 1021 375 patiantur,
1028 335 1176 365 dummodo
1183 335 1482 372 res*irrectiouistlugma
1492 336 1589 372 norint,

875 393 906 411 ac
921 383 1009 411 sutura
1023 383 1066 411 illa
1080 382 1189 422 praemia
1205 382 1371 410 considerent
1384 405 1390 418 ,
1406 381 1474 410 illud
1489 382 1588 410 intelli-

875 436 951 465 gunt,
963 439 991 457 ea
1001 439 1060 467 qua‘
1070 427 1194 457 accidunt
1204 428 1357 463 certamina,
1365 438 1395 455 ac
1404 434 1587 456 sexcentarum

875 485 1031 503 coronarum
1049 474 1185 502 materiam
1202 485 1264 502 esse.
1283 476 1314 502 At
1328 473 1371 502 hic
1381 484 1442 502 cum
1453 481 1477 502 et
1488 474 1588 512 probus

874 520 917 548 vir
930 527 1010 556 esset,
1030 527 1055 548 et
1074 520 1108 548 dc
1130 520 1321 548 resurrectione
1336 519 1403 548 nihil
1419 519 1589 559 exploratum

873 565 997 603 baberet,
1017 565 1078 593 hinc
1093 565 1433 604 potissimumjactabatur,
1446 564 1519 603 quod
1532 576 1588 593 ma-

873 611 960 640 lorum
970 621 1080 639 suorum
1091 621 1197 639 causam
1210 611 1360 649 ignoraret,
1374 611 1515 649 acriusque
1526 621 1586 640 eum

873 657 928 686 lure
938 657 1071 685 dubitatio
1079 679 1087 693 ‚
1100 657 1235 695 animique
1246 657 1382 693 anxietas,
1396 667 1475 695 quam
1486 668 1587 685 vermes

872 713 902 731 ac
915 703 1033 742 corporis
1047 702 1152 731 dolores
1167 725 1174 737 ,
1199 702 1373 732 stimularent.
1392 706 1478 741 Atque
1492 710 1520 731 ut
1532 714 1585 731 rem

873 749 908 777 ita
918 759 945 777 sc
960 748 1058 777 habere
1079 748 1214 786 intelligas
1226 770 1233 784 ,
1253 758 1305 785 quo
1320 755 1437 787 tempore
1451 749 1524 776 Deus
1539 759 1587 788 pro

873 805 919 823 sua
930 794 1094 833 benignitate
1107 794 1156 833 ipsi
1177 794 1351 822 certaminum
1368 794 1464 822 horum
1481 805 1588 823 causam

872 841 977 880 aperire
987 841 1114 879 dignatus
1126 847 1165 869 est
1174 863 1182 877 ,
1196 850 1290 879 nempe
1301 850 1328 868 se
1340 840 1389 868 hac
1397 840 1430 868 de
1440 851 1518 869 causa
1531 841 1588 869 haec

874 887 1034 926 permisisse,
1044 894 1071 915 ut
1079 887 1220 927 perspicua
1231 893 1297 915 esset
1306 886 1501 925 ipsiusjustitia
1510 909 1518 923 ,
1532 894 1588 916 tum

873 933 1000 971 denique,
1011 940 1145 971 tamquam
1158 932 1226 961 nihil
1239 942 1329 961 earum
1341 932 1521 961 molestiarum
1531 943 1589 973 per-

877 990 984 1019 pessus,
1000 979 1159 1019 respiravit:
1182 978 1262 1017 idque
1273 989 1307 1007 ex
1322 978 1370 1016 iiS,
1390 989 1448 1017 quae
1467 985 1531 1007 tunc
1551 979 1590 1008 lo-

877 1032 1037 1063 quutusest,
1053 1025 1158 1064 liquido
1169 1031 1280 1054 constat.
1289 1025 1419 1053 Caeterum
1429 1024 1503 1064 prius
1510 1025 1590 1053 etiam

877 1082 958 1109 quam
969 1081 1075 1100 causam
1086 1071 1268 1106 intellexisset,
1276 1070 1368 1099 dolore
1374 1070 1482 1109 quidem
1493 1071 1592 1100 afficie-

879 1116 970 1145 batur:
992 1128 1087 1146 verum
1104 1117 1164 1145 sorti
1185 1116 1274 1145 animo
1296 1127 1358 1145 eum
1377 1117 1493 1155 serebat,
1513 1124 1591 1156 atque

878 1162 982 1191 amissis
992 1163 1117 1191 omnibus
1125 1162 1204 1191 rebus
1211 1162 1399 1190 admirabilem
1416 1162 1490 1191 illam
1500 1173 1591 1191 vocem

878 1208 1030 1245 emittebat,
1044 1210 1187 1237 Dominus
1199 1209 1288 1243 dedit,
1302 1209 1446 1237 Dominus
1457 1209 1589 1244 abstulit,
1603 1217 1654 1238 Job.
1677 1223 1694 1236 ι.
1706 1222 1741 1237 21.

877 1256 953 1282 sicut
972 1255 1100 1283 Domino
1115 1255 1246 1293 placuit,
1274 1255 1315 1282 ita
1335 1255 1453 1294 sactum
1472 1261 1534 1288 est;
1555 1257 1591 1284 sit

879 1310 984 1328 nomen
996 1301 1117 1328 Domini
1133 1301 1313 1329 benedictum
1324 1302 1355 1328 in
1369 1301 1484 1329 saecula.

916 1346 946 1375 9.
966 1347 1070 1375 Verum
1089 1346 1201 1385 hujusce
1216 1345 1266 1373 viri
1281 1355 1370 1373 amore
1385 1352 1523 1385 correptus
1533 1369 1540 1382 ,
1560 1347 1594 1374 ab

877 1390 998 1419 instituta
1020 1390 1138 1419 oratione
1172 1390 1279 1429 longius
1308 1391 1447 1419 recessisse
1482 1391 1574 1420 videor
1587 1405 1592 1420 ε

878 1447 974 1475 quare,
991 1443 1133 1476 postquam
1151 1447 1235 1476 pauca
1255 1436 1418 1476 adjunxero,
1434 1449 1542 1467 rursum
1557 1439 1593 1468 ad

877 1493 906 1511 ea
919 1505 925 1518 ‚
941 1493 1000 1521 quae
1013 1482 1080 1511 mihi
1096 1482 1231 1522 proposita
1247 1490 1324 1519 sunt,
1351 1494 1393 1511 me
1406 1484 1528 1513 reseram.
1543 1485 1593 1514 Hic

878 1528 962 1568 igitur
973 1535 1047 1558 tanta
1065 1535 1174 1567 tamque
1185 1529 1284 1557 eximia
1304 1529 1403 1558 virtute
1419 1530 1471 1565 vir,
1486 1530 1532 1569 qui
1555 1537 1593 1560 tot

877 1581 979 1604 naturae
995 1575 1161 1604 necessitates
1176 1575 1312 1615 protrivit,
1324 1586 1356 1604 ne
1370 1575 1426 1615 ipse
1441 1576 1550 1614 quidem
1565 1577 1593 1606 in

877 1621 928 1650 hoc
945 1628 1076 1650 certamen
1097 1620 1258 1649 descendere
1275 1632 1355 1649 ausus
1373 1628 1428 1659 est,
1452 1632 1547 1651 verum
1569 1630 1594 1651 et

877 1678 988 1696 uxorem
999 1667 1136 1705 adhibuit,
1146 1673 1172 1695 et
1181 1667 1314 1706 ingentem
1323 1668 1443 1696 filiorum
1452 1679 1594 1697 numerum

876 1714 1035 1754 procreavit.
1045 1714 1133 1742 Tanta
1142 1714 1303 1753 virginitatis
1312 1721 1350 1742 est
1359 1714 1509 1743 difficultas
1519 1738 1525 1750 ,
1538 1722 1593 1743 tam

876 1761 929 1789 alta
943 1767 969 1789 et
989 1760 1116 1789 sublimia
1132 1759 1215 1799 ipsius
1240 1760 1383 1788 certamina
1398 1782 1406 1796 ,
1431 1767 1485 1788 tam
1500 1771 1594 1799 graves

876 1807 1002 1841 sudores,
1018 1817 1196 1845 magnamque
1204 1806 1286 1835 animi
1297 1807 1450 1835 firmitatem
1462 1807 1594 1844 requiren-

875 1859 924 1881 tes.
932 1852 969 1881 Et
979 1859 1065 1880 tamen
1075 1852 1166 1880 multae
1177 1851 1252 1880 exiis
1260 1874 1268 1887 ,
1284 1862 1342 1889 quae
1356 1851 1391 1879 ad
1402 1852 1451 1879 hoc
1461 1858 1593 1880 certamen

877 1908 905 1926 se
918 1897 1101 1934 accinxerunt,
1111 1897 1180 1925 hanc
1192 1904 1301 1925 ornatus
1314 1903 1339 1924 et
1351 1896 1487 1935 elegantiae
1498 1896 1593 1925 immo-

877 1943 985 1981 dicique
994 1943 1104 1971 vestitus
1114 1942 1289 1981 cupiditatem
1300 1942 1411 1970 minime
1420 1950 1592 1982 superarunt,

878 1999 974 2017 verum
990 1998 1019 2016 ea
1038 1994 1120 2026 eaptae
1134 1994 1159 2015 et
1181 1987 1298 2015 subactae
1316 1994 1377 2016 sunt
1394 1988 1496 2026 magis,
1511 1999 1592 2026 quam

880 2033 1003 2062 mulieres
1018 2033 1070 2061 illze
1090 2043 1149 2071 quae
1164 2032 1264 2061 mundo
1278 2032 1485 2062 seaddixerunt.
1502 2034 1593 2072 Neque

879 2080 950 2108 enim
960 2079 1010 2107 hoc
1022 2079 1089 2107 mihi
1108 2089 1285 2107 commemora
1297 2102 1304 2113 ‚
1315 2090 1358 2107 eas
1370 2090 1465 2108 aurum
1483 2079 1593 2108 minime

880 2132 998 2163 gestare,
1011 2135 1057 2152 nec
1071 2123 1161 2152 sericis
1171 2131 1196 2152 et
1208 2134 1273 2152 auro
1280 2124 1414 2153 distinctis
1424 2125 1544 2154 vestibus
1554 2125 1593 2154 in-

880 2171 959 2199 dutas
969 2181 1035 2207 esse,
1044 2180 1127 2208 neque
1139 2177 1270 2208 gemmata
1281 2171 1389 2199 monilia
1402 2178 1511 2210 gestare.
1526 2173 1595 2200 Nam

880 2216 952 2254 quod
975 2216 1084 2255 gravius
1102 2223 1141 2244 est
1156 2238 1164 2253 ,
1182 2216 1308 2255 quodque
1335 2217 1453 2256 ipsarum
1467 2218 1594 2247 morbum

880 2269 959 2301 atque
973 2262 1053 2301 hujus
1062 2262 1172 2290 affectus
1180 2263 1352 2302 tyrannidem
1360 2264 1526 2303 apertissime
1534 2275 1595 2304 pro-

881 2308 1006 2345 dit‚illud
1015 2315 1052 2336 est
1068 2331 1076 2345 ,
1093 2307 1165 2346 quod
1177 2308 1250 2337 omni
1262 2309 1345 2338 animi
1356 2309 1445 2338 studio
1457 2317 1482 2338 et
1498 2317 1594 2339 conatu

881 2354 908 2382 in
920 2354 972 2382 hoe
984 2353 1213 2390 incubuerunt‚ut
1227 2365 1276 2393 per
1288 2355 1355 2384 viles
1370 2362 1395 2384 et
1407 2356 1524 2395 abjectas
1535 2356 1596 2384 illas

882 2407 978 2437 vestes,
995 2410 1086 2428 earum
1097 2411 1155 2438 qua:
1167 2410 1232 2429 auro
1248 2400 1378 2430 redimitae
1393 2412 1424 2430 ac
1439 2402 1532 2431 sericis
1547 2413 1594 2430 ve-

62 2441 137 2469 αὐταὶ
155 2442 315 2479 νομίζουσιν,
331 2443 471 2483 ἀδιάφορον
491 2447 627 2481 μετιοῦσαι
651 2450 760 2484 πρᾶγμα
771 2467 778 2480 ,
793 2448 827 2478 ὡς
845 2454 863 2476 Ε
881 2446 967 2474 stibus
983 2445 1085 2474 amictae
1098 2452 1175 2482 sunt,
1197 2446 1356 2485 elegantiam
1370 2454 1395 2475 et
1409 2455 1533 2476 ornatum
1549 2459 1595 2476 su-

63 2485 89 2513 δὲ
115 2488 131 2520 ἡ
153 2490 198 2515 τοῦ
219 2487 372 2526 πράγματος
394 2487 468 2527 φύσις
491 2489 628 2526 δείκνυσιν,
646 2491 759 2530 ὀλέθριον
784 2492 827 2520 καὶ

97 2576 104 2587 ³
125 2568 137 2594 1¹*
144 2574 229 2595 «κεῦθεν
241 2569 309 2596 deest
322 2572 346 2596 in
360 2571 457 2597 duobus
470 2573 526 2598 Mss.

881 2498 1012 2531 perarent,
1021 2498 1099 2529 atque
1111 2491 1174 2519 hinc
1182 2492 1350 2521 amabiliores
1360 2493 1414 2521 illis
1421 2493 1575 2522 viderentur
1589 2506 1593 2520 z
