<?xml version="1.0" encoding="UTF-8"?>
<!DOCTYPE html PUBLIC "-//W3C//DTD XHTML 1.0 Transitional//EN"
    "http://www.w3.org/TR/xhtml1/DTD/xhtml1-transitional.dtd">
<html xmlns="http://www.w3.org/1999/xhtml" xml:lang="en" lang="en">
 <head>
  <title>
</title>
<meta http-equiv="Content-Type" content="text/html;charset=utf-8" />
  <meta name='ocr-system' content='tesseract 3.04.00' />
  <meta name='ocr-capabilities' content='ocr_page ocr_carea ocr_par ocr_line ocrx_word'/>
</head>
<body>
  <div class='ocr_page' id='page_1' title='image "./operaomniaquaeex03johnuoft/operaomniaquaeex03johnuoft_0279.png"; bbox 0 0 1830 2829; ppageno 0'>
   <div class='ocr_carea' id='block_1_1' title="bbox 488 180 1073 209">
    <p class='ocr_par' dir='ltr' id='par_1_1' title="bbox 488 180 1073 209">
     <span class='ocr_line' id='line_1_1' title="bbox 488 180 1073 209; baseline 0 -7"><span class='ocrx_word' id='word_1_1' title='bbox 488 181 615 209; x_wconf 61' lang='lat' dir='ltr'>Ql&#39;AlAES</span> <span class='ocrx_word' id='word_1_2' title='bbox 643 181 804 203; x_wconf 56' lang='lat' dir='ltr'>tutet-:anai</span> <span class='ocrx_word' id='word_1_3' title='bbox 831 180 906 203; x_wconf 73' lang='lat' dir='ltr'>StN&#39;t&#39;</span> <span class='ocrx_word' id='word_1_4' title='bbox 932 181 1073 203; x_wconf 61' lang='lat' dir='ltr'>uxoutls.</span> 
     </span>
    </p>
   </div>
   <div class='ocr_carea' id='block_1_2' title="bbox 53 242 825 1929">
    <p class='ocr_par' dir='ltr' id='par_1_2' title="bbox 53 242 822 1196">
     <span class='ocr_line' id='line_1_2' title="bbox 53 242 822 281; baseline -0.003 -8"><span class='ocrx_word' id='word_1_5' title='bbox 53 242 115 278; x_wconf 73' lang='grc' dir='ltr'>ἕξιν.</span> <span class='ocrx_word' id='word_1_6' title='bbox 131 244 181 272; x_wconf 76' lang='grc' dir='ltr'>Καὶ</span> <span class='ocrx_word' id='word_1_7' title='bbox 195 245 223 272; x_wconf 80' lang='grc' dir='ltr'>οὐ</span> <span class='ocrx_word' id='word_1_8' title='bbox 239 246 312 272; x_wconf 68' lang='grc' dir='ltr'>τοῦτο</span> <span class='ocrx_word' id='word_1_9' title='bbox 337 242 413 281; x_wconf 68' lang='grc' dir='ltr'>μόνον</span> <span class='ocrx_word' id='word_1_10' title='bbox 428 243 483 272; x_wconf 73' lang='grc' dir='ltr'>ἐστὶ</span> <span class='ocrx_word' id='word_1_11' title='bbox 498 244 658 281; x_wconf 75' lang='grc' dir='ltr'>θαυμαστὸν,</span> <span class='ocrx_word' id='word_1_12' title='bbox 673 243 712 271; x_wconf 71' lang='grc' dir='ltr'>ὅτι</span> <span class='ocrx_word' id='word_1_13' title='bbox 733 242 822 271; x_wconf 66' lang='grc' dir='ltr'>λαῧὼν</span> 
     </span>
     <span class='ocr_line' id='line_1_3' title="bbox 54 289 822 328; baseline -0.001 -10"><span class='ocrx_word' id='word_1_14' title='bbox 54 290 171 328; x_wconf 70' lang='grc' dir='ltr'>ἄμορφον</span> <span class='ocrx_word' id='word_1_15' title='bbox 195 289 239 317; x_wconf 82' lang='grc' dir='ltr'>καὶ</span> <span class='ocrx_word' id='word_1_16' title='bbox 254 289 357 323; x_wconf 77' lang='grc' dir='ltr'>δυσειδῆ</span> <span class='ocrx_word' id='word_1_17' title='bbox 377 289 422 318; x_wconf 72' lang='grc' dir='ltr'>καὶ</span> <span class='ocrx_word' id='word_1_18' title='bbox 438 289 550 328; x_wconf 71' lang='grc' dir='ltr'>αἰσχρὰν</span> <span class='ocrx_word' id='word_1_19' title='bbox 573 289 617 317; x_wconf 76' lang='grc' dir='ltr'>καὶ</span> <span class='ocrx_word' id='word_1_20' title='bbox 637 293 822 327; x_wconf 78' lang='grc' dir='ltr'>γεγηρακυῖαν,</span> 
     </span>
     <span class='ocr_line' id='line_1_4' title="bbox 53 333 822 374; baseline -0.001 -11"><span class='ocrx_word' id='word_1_21' title='bbox 53 334 111 364; x_wconf 83' lang='grc' dir='ltr'>οὔτε</span> <span class='ocrx_word' id='word_1_22' title='bbox 127 333 282 367; x_wconf 48' lang='lat' dir='ltr'>§wamiam</span> <span class='ocrx_word' id='word_1_23' title='bbox 302 334 348 370; x_wconf 75' lang='grc' dir='ltr'>τὴν</span> <span class='ocrx_word' id='word_1_24' title='bbox 364 334 505 374; x_wconf 68' lang='grc' dir='ltr'>ἀμορφίαν,</span> <span class='ocrx_word' id='word_1_25' title='bbox 520 334 587 363; x_wconf 69' lang='grc' dir='ltr'>ἀλλὰ</span> <span class='ocrx_word' id='word_1_26' title='bbox 604 335 648 362; x_wconf 82' lang='grc' dir='ltr'>καὶ</span> <span class='ocrx_word' id='word_1_27' title='bbox 664 336 698 367; x_wconf 82' lang='grc' dir='ltr'>εἷς</span> <span class='ocrx_word' id='word_1_28' title='bbox 712 335 822 362; x_wconf 73' lang='grc' dir='ltr'>θάνατον</span> 
     </span>
     <span class='ocr_line' id='line_1_5' title="bbox 53 380 821 419; baseline -0.001 -10"><span class='ocrx_word' id='word_1_29' title='bbox 53 380 143 409; x_wconf 69' lang='grc' dir='ltr'>ἑαυτὸν</span> <span class='ocrx_word' id='word_1_30' title='bbox 161 380 312 418; x_wconf 76' lang='grc' dir='ltr'>παρέδωκε,</span> <span class='ocrx_word' id='word_1_31' title='bbox 327 381 371 409; x_wconf 71' lang='grc' dir='ltr'>καὶ</span> <span class='ocrx_word' id='word_1_32' title='bbox 388 380 590 419; x_wconf 69' lang='grc' dir='ltr'>μετερρύθμισεν</span> <span class='ocrx_word' id='word_1_33' title='bbox 614 380 692 415; x_wconf 68' lang='grc' dir='ltr'>αὐτὴν</span> <span class='ocrx_word' id='word_1_34' title='bbox 710 382 743 412; x_wconf 81' lang='grc' dir='ltr'>εἰς</span> <span class='ocrx_word' id='word_1_35' title='bbox 757 380 821 408; x_wconf 76' lang='grc' dir='ltr'>κάλ-</span> 
     </span>
     <span class='ocr_line' id='line_1_6' title="bbox 53 426 822 466; baseline 0 -12"><span class='ocrx_word' id='word_1_36' title='bbox 53 428 96 459; x_wconf 82' lang='grc' dir='ltr'>λος</span> <span class='ocrx_word' id='word_1_37' title='bbox 122 426 274 466; x_wconf 67' lang='grc' dir='ltr'>ἀμήχανον·</span> <span class='ocrx_word' id='word_1_38' title='bbox 291 428 349 455; x_wconf 75' lang='grc' dir='ltr'>οἷλλ“</span> <span class='ocrx_word' id='word_1_39' title='bbox 372 427 412 456; x_wconf 70' lang='grc' dir='ltr'>ὅτι</span> <span class='ocrx_word' id='word_1_40' title='bbox 437 427 481 456; x_wconf 76' lang='grc' dir='ltr'>καὶ</span> <span class='ocrx_word' id='word_1_41' title='bbox 507 427 573 464; x_wconf 71' lang='grc' dir='ltr'>μετὰ</span> <span class='ocrx_word' id='word_1_42' title='bbox 602 429 677 455; x_wconf 64' lang='grc' dir='ltr'>τοῦτο</span> <span class='ocrx_word' id='word_1_43' title='bbox 696 426 822 458; x_wconf 70' lang='grc' dir='ltr'>πολλάκις</span> 
     </span>
     <span class='ocr_line' id='line_1_7' title="bbox 58 471 819 511; baseline -0.001 -11"><span class='ocrx_word' id='word_1_44' title='bbox 58 471 231 511; x_wconf 75' lang='grc' dir='ltr'>ῥυπουμένην,</span> <span class='ocrx_word' id='word_1_45' title='bbox 250 473 438 510; x_wconf 78' lang='grc' dir='ltr'>κηλιδουμένην</span> <span class='ocrx_word' id='word_1_46' title='bbox 456 475 533 511; x_wconf 76' lang='grc' dir='ltr'>ὁρῶν,</span> <span class='ocrx_word' id='word_1_47' title='bbox 548 474 594 501; x_wconf 81' lang='grc' dir='ltr'>οὐκ</span> <span class='ocrx_word' id='word_1_48' title='bbox 611 472 751 507; x_wconf 63' lang='grc' dir='ltr'>ἐκῧάλλει,</span> <span class='ocrx_word' id='word_1_49' title='bbox 767 472 819 500; x_wconf 75' lang='grc' dir='ltr'>οὐδ’</span> 
     </span>
     <span class='ocr_line' id='line_1_8' title="bbox 54 517 821 557; baseline -0.001 -11"><span class='ocrx_word' id='word_1_50' title='bbox 54 518 246 557; x_wconf 67' lang='grc' dir='ltr'>ἀπορρήγνυσιν</span> <span class='ocrx_word' id='word_1_51' title='bbox 261 520 366 553; x_wconf 76' lang='grc' dir='ltr'>ἑαυτοῦ,</span> <span class='ocrx_word' id='word_1_52' title='bbox 383 518 449 547; x_wconf 71' lang='grc' dir='ltr'>ἀλλὰ</span> <span class='ocrx_word' id='word_1_53' title='bbox 463 519 507 547; x_wconf 77' lang='grc' dir='ltr'>καὶ</span> <span class='ocrx_word' id='word_1_54' title='bbox 526 518 596 555; x_wconf 78' lang='grc' dir='ltr'>μένει</span> <span class='ocrx_word' id='word_1_55' title='bbox 616 517 764 556; x_wconf 73' lang='grc' dir='ltr'>θεραπεύων</span> <span class='ocrx_word' id='word_1_56' title='bbox 777 518 821 545; x_wconf 81' lang='grc' dir='ltr'>καὶ</span> 
     </span>
     <span class='ocr_line' id='line_1_9' title="bbox 55 563 821 603; baseline -0.001 -12"><span class='ocrx_word' id='word_1_57' title='bbox 55 563 241 603; x_wconf 76' lang='grc' dir='ltr'>διορθούμενος,</span> <span class='ocrx_word' id='word_1_58' title='bbox 254 564 337 593; x_wconf 74' lang='grc' dir='ltr'>Πόσοι</span> <span class='ocrx_word' id='word_1_59' title='bbox 348 564 408 603; x_wconf 80' lang='grc' dir='ltr'>γὰρ,</span> <span class='ocrx_word' id='word_1_60' title='bbox 421 564 476 592; x_wconf 78' lang='grc' dir='ltr'>εἰπέ</span> <span class='ocrx_word' id='word_1_61' title='bbox 490 575 533 602; x_wconf 82' lang='grc' dir='ltr'>μοι</span> <span class='ocrx_word' id='word_1_62' title='bbox 545 586 551 596; x_wconf 79' lang='grc'>,</span> <span class='ocrx_word' id='word_1_63' title='bbox 566 563 632 601; x_wconf 69' lang='grc' dir='ltr'>μετὰ</span> <span class='ocrx_word' id='word_1_64' title='bbox 644 563 673 591; x_wconf 77' lang='grc' dir='ltr'>τὸ</span> <span class='ocrx_word' id='word_1_65' title='bbox 684 566 821 591; x_wconf 75' lang='grc' dir='ltr'>πιστεῦσαι</span> 
     </span>
     <span class='ocr_line' id='line_1_10' title="bbox 53 604 822 648; baseline 0.001 -12"><span class='ocrx_word' id='word_1_66' title='bbox 53 608 258 648; x_wconf 78' lang='grc' dir='ltr'>ἥμαρτον;ᾱλλ’</span> <span class='ocrx_word' id='word_1_67' title='bbox 279 608 348 648; x_wconf 77' lang='grc' dir='ltr'>ὅμως</span> <span class='ocrx_word' id='word_1_68' title='bbox 373 609 464 642; x_wconf 72' lang='grc' dir='ltr'>αὐτοὺς</span> <span class='ocrx_word' id='word_1_69' title='bbox 484 611 529 638; x_wconf 71' lang='grc' dir='ltr'>οὐκ</span> <span class='ocrx_word' id='word_1_70' title='bbox 549 608 701 642; x_wconf 53' lang='lat' dir='ltr'>&amp;egwino</span> <span class='ocrx_word' id='word_1_71' title='bbox 713 620 719 626; x_wconf 69' lang='lat'><strong>⁴</strong></span> <span class='ocrx_word' id='word_1_72' title='bbox 733 604 794 644; x_wconf 69' lang='grc' dir='ltr'>οἷον,</span> <span class='ocrx_word' id='word_1_73' title='bbox 808 611 822 637; x_wconf 79' lang='grc' dir='ltr'>ὅ</span> 
     </span>
     <span class='ocr_line' id='line_1_11' title="bbox 54 654 822 693; baseline 0 -11"><span class='ocrx_word' id='word_1_74' title='bbox 54 654 127 693; x_wconf 72' lang='grc' dir='ltr'>παρὰ</span> <span class='ocrx_word' id='word_1_75' title='bbox 143 654 287 693; x_wconf 74' lang='grc' dir='ltr'>Κορινθίοις</span> <span class='ocrx_word' id='word_1_76' title='bbox 301 655 484 693; x_wconf 77' lang='grc' dir='ltr'>πεπορνευκὼς</span> <span class='ocrx_word' id='word_1_77' title='bbox 506 655 583 692; x_wconf 80' lang='grc' dir='ltr'>μέλος</span> <span class='ocrx_word' id='word_1_78' title='bbox 600 657 646 689; x_wconf 72' lang='grc' dir='ltr'>τ”ἧς</span> <span class='ocrx_word' id='word_1_79' title='bbox 661 654 822 689; x_wconf 67' lang='grc' dir='ltr'>Ἱίκκλησίας</span> 
     </span>
     <span class='ocr_line' id='line_1_12' title="bbox 53 695 820 739; baseline 0.001 -11"><span class='ocrx_word' id='word_1_80' title='bbox 53 695 99 734; x_wconf 70' lang='grc' dir='ltr'>ἦν·</span> <span class='ocrx_word' id='word_1_81' title='bbox 115 701 172 729; x_wconf 81' lang='grc' dir='ltr'>ἀλλ’</span> <span class='ocrx_word' id='word_1_82' title='bbox 188 702 234 729; x_wconf 86' lang='grc' dir='ltr'>οὐκ</span> <span class='ocrx_word' id='word_1_83' title='bbox 256 700 360 739; x_wconf 70' lang='grc' dir='ltr'>ἐξέκοψε</span> <span class='ocrx_word' id='word_1_84' title='bbox 383 700 411 729; x_wconf 81' lang='grc' dir='ltr'>τὸ</span> <span class='ocrx_word' id='word_1_85' title='bbox 427 701 517 738; x_wconf 82' lang='grc' dir='ltr'>μέλος,</span> <span class='ocrx_word' id='word_1_86' title='bbox 532 700 598 729; x_wconf 85' lang='grc' dir='ltr'>ἀλλὰ</span> <span class='ocrx_word' id='word_1_87' title='bbox 619 699 775 738; x_wconf 82' lang='grc' dir='ltr'>διώρθωσεν.</span> <span class='ocrx_word' id='word_1_88' title='bbox 786 699 820 729; x_wconf 74' lang='lat' dir='ltr'>‘ll</span> 
     </span>
     <span class='ocr_line' id='line_1_13' title="bbox 57 746 821 786; baseline 0.001 -12"><span class='ocrx_word' id='word_1_89' title='bbox 57 746 183 775; x_wconf 77' lang='grc' dir='ltr'>Γαλατῶν</span> <span class='ocrx_word' id='word_1_90' title='bbox 197 746 344 782; x_wconf 72' lang='grc' dir='ltr'>Ἐκκλησία</span> <span class='ocrx_word' id='word_1_91' title='bbox 366 746 456 775; x_wconf 81' lang='grc' dir='ltr'>ἅπασα</span> <span class='ocrx_word' id='word_1_92' title='bbox 477 746 654 786; x_wconf 81' lang='grc' dir='ltr'>ἀπεσκίρτησε</span> <span class='ocrx_word' id='word_1_93' title='bbox 666 768 673 781; x_wconf 89' lang='grc'>,</span> <span class='ocrx_word' id='word_1_94' title='bbox 694 746 738 774; x_wconf 78' lang='grc' dir='ltr'>καὶ</span> <span class='ocrx_word' id='word_1_95' title='bbox 756 746 821 784; x_wconf 77' lang='grc' dir='ltr'>πρὸς</span> 
     </span>
     <span class='ocr_line' id='line_1_14' title="bbox 55 791 821 829; baseline 0.001 -10"><span class='ocrx_word' id='word_1_96' title='bbox 55 792 205 829; x_wconf 80' lang='grc' dir='ltr'>ἰουδαϊσμὸν</span> <span class='ocrx_word' id='word_1_97' title='bbox 232 792 388 821; x_wconf 71' lang='grc' dir='ltr'>κατέπεσεν·</span> <span class='ocrx_word' id='word_1_98' title='bbox 410 793 467 821; x_wconf 74' lang='grc' dir='ltr'>ἀλλ’</span> <span class='ocrx_word' id='word_1_99' title='bbox 483 792 554 829; x_wconf 77' lang='grc' dir='ltr'>ὅμως</span> <span class='ocrx_word' id='word_1_100' title='bbox 570 792 627 821; x_wconf 77' lang='grc' dir='ltr'>οὐδὲ</span> <span class='ocrx_word' id='word_1_101' title='bbox 651 791 752 827; x_wconf 82' lang='grc' dir='ltr'>ἐκείνην</span> <span class='ocrx_word' id='word_1_102' title='bbox 767 791 821 825; x_wconf 80' lang='grc' dir='ltr'>ἐξέ-</span> 
     </span>
     <span class='ocr_line' id='line_1_15' title="bbox 55 836 821 876; baseline 0.001 -11"><span class='ocrx_word' id='word_1_103' title='bbox 55 837 143 873; x_wconf 50' lang='lat' dir='ltr'>Gaza,</span> <span class='ocrx_word' id='word_1_104' title='bbox 159 837 227 866; x_wconf 82' lang='grc' dir='ltr'>ἀλλὰ</span> <span class='ocrx_word' id='word_1_105' title='bbox 249 836 291 865; x_wconf 82' lang='grc' dir='ltr'>διὰ</span> <span class='ocrx_word' id='word_1_106' title='bbox 305 840 349 866; x_wconf 82' lang='grc' dir='ltr'>τοῦ</span> <span class='ocrx_word' id='word_1_107' title='bbox 363 837 469 865; x_wconf 77' lang='grc' dir='ltr'>Παύλου</span> <span class='ocrx_word' id='word_1_108' title='bbox 491 837 652 876; x_wconf 80' lang='grc' dir='ltr'>θεραπεύσας</span> <span class='ocrx_word' id='word_1_109' title='bbox 669 837 760 873; x_wconf 73' lang='grc' dir='ltr'>αὐτὴν,</span> <span class='ocrx_word' id='word_1_110' title='bbox 777 837 821 866; x_wconf 78' lang='grc' dir='ltr'>ἐπὶ</span> 
     </span>
     <span class='ocr_line' id='line_1_16' title="bbox 53 879 820 923; baseline 0.003 -13"><span class='ocrx_word' id='word_1_111' title='bbox 53 881 101 917; x_wconf 72' lang='grc' dir='ltr'>τὴν</span> <span class='ocrx_word' id='word_1_112' title='bbox 122 882 250 922; x_wconf 83' lang='grc' dir='ltr'>προτέραν</span> <span class='ocrx_word' id='word_1_113' title='bbox 272 882 421 921; x_wconf 77' lang='grc' dir='ltr'>ἐπανήγαγε</span> <span class='ocrx_word' id='word_1_114' title='bbox 442 882 600 921; x_wconf 83' lang='grc' dir='ltr'>συγγένειαν.</span> <span class='ocrx_word' id='word_1_115' title='bbox 618 883 721 923; x_wconf 62' lang='grc' dir='ltr'>“Ώσπερ</span> <span class='ocrx_word' id='word_1_116' title='bbox 736 879 779 912; x_wconf 60' lang='grc' dir='ltr'>οὖν</span> <span class='ocrx_word' id='word_1_117' title='bbox 794 885 820 912; x_wconf 79' lang='grc' dir='ltr'>ἐν</span> 
     </span>
     <span class='ocr_line' id='line_1_17' title="bbox 53 928 820 968; baseline 0.003 -12"><span class='ocrx_word' id='word_1_118' title='bbox 53 932 106 961; x_wconf 87' lang='grc' dir='ltr'>τοῖς</span> <span class='ocrx_word' id='word_1_119' title='bbox 117 928 223 967; x_wconf 82' lang='grc' dir='ltr'>σώμασι</span> <span class='ocrx_word' id='word_1_120' title='bbox 236 933 289 961; x_wconf 76' lang='grc' dir='ltr'>τοῖς</span> <span class='ocrx_word' id='word_1_121' title='bbox 303 928 453 968; x_wconf 75' lang='grc' dir='ltr'>ἡμετέροις,</span> <span class='ocrx_word' id='word_1_122' title='bbox 469 928 574 957; x_wconf 78' lang='grc' dir='ltr'>ἐπειδὰν</span> <span class='ocrx_word' id='word_1_123' title='bbox 586 929 694 967; x_wconf 77' lang='grc' dir='ltr'>γένηται</span> <span class='ocrx_word' id='word_1_124' title='bbox 708 929 820 967; x_wconf 79' lang='grc' dir='ltr'>νόσημα,</span> 
     </span>
     <span class='ocr_line' id='line_1_18' title="bbox 54 974 820 1013; baseline 0.003 -11"><span class='ocrx_word' id='word_1_125' title='bbox 54 975 82 1002; x_wconf 84' lang='grc' dir='ltr'>οὐ</span> <span class='ocrx_word' id='word_1_126' title='bbox 116 974 146 1003; x_wconf 79' lang='grc' dir='ltr'>τὸ</span> <span class='ocrx_word' id='word_1_127' title='bbox 178 974 254 1012; x_wconf 83' lang='grc' dir='ltr'>μέλος</span> <span class='ocrx_word' id='word_1_128' title='bbox 279 974 450 1012; x_wconf 77' lang='grc' dir='ltr'>ἐκκόπτομεν,</span> <span class='ocrx_word' id='word_1_129' title='bbox 478 974 546 1004; x_wconf 77' lang='grc' dir='ltr'>ἀλλὰ</span> <span class='ocrx_word' id='word_1_130' title='bbox 571 975 601 1003; x_wconf 87' lang='grc' dir='ltr'>τὸ</span> <span class='ocrx_word' id='word_1_131' title='bbox 624 975 727 1013; x_wconf 82' lang='grc' dir='ltr'>νόσημα</span> <span class='ocrx_word' id='word_1_132' title='bbox 755 977 820 1004; x_wconf 81' lang='grc' dir='ltr'>ἁπε-</span> 
     </span>
     <span class='ocr_line' id='line_1_19' title="bbox 54 1019 820 1059; baseline 0.003 -11"><span class='ocrx_word' id='word_1_133' title='bbox 54 1019 196 1058; x_wconf 80' lang='grc' dir='ltr'>λαύνομεν·</span> <span class='ocrx_word' id='word_1_134' title='bbox 221 1020 288 1048; x_wconf 77' lang='grc' dir='ltr'>οὕτω</span> <span class='ocrx_word' id='word_1_135' title='bbox 319 1020 363 1048; x_wconf 73' lang='grc' dir='ltr'>καὶ</span> <span class='ocrx_word' id='word_1_136' title='bbox 395 1020 439 1050; x_wconf 74' lang='grc' dir='ltr'>ἐπὶ</span> <span class='ocrx_word' id='word_1_137' title='bbox 465 1023 511 1055; x_wconf 73' lang='grc' dir='ltr'>τῆς</span> <span class='ocrx_word' id='word_1_138' title='bbox 539 1021 661 1059; x_wconf 80' lang='grc' dir='ltr'>γυναικὸς</span> <span class='ocrx_word' id='word_1_139' title='bbox 693 1023 820 1059; x_wconf 83' lang='grc' dir='ltr'>ποιῶμεν.</span> 
     </span>
     <span class='ocr_line' id='line_1_20' title="bbox 55 1065 822 1106; baseline 0.003 -12"><span class='ocrx_word' id='word_1_140' title='bbox 55 1065 120 1094; x_wconf 68' lang='grc' dir='ltr'>Ἐὰν</span> <span class='ocrx_word' id='word_1_141' title='bbox 133 1065 241 1104; x_wconf 84' lang='grc' dir='ltr'>γένηταί</span> <span class='ocrx_word' id='word_1_142' title='bbox 257 1077 296 1097; x_wconf 86' lang='grc' dir='ltr'>τις</span> <span class='ocrx_word' id='word_1_143' title='bbox 315 1067 340 1094; x_wconf 81' lang='grc' dir='ltr'>ἐν</span> <span class='ocrx_word' id='word_1_144' title='bbox 360 1067 425 1105; x_wconf 74' lang='grc' dir='ltr'>αὐτῇ</span> <span class='ocrx_word' id='word_1_145' title='bbox 445 1066 573 1106; x_wconf 77' lang='grc' dir='ltr'>πονηρία,</span> <span class='ocrx_word' id='word_1_146' title='bbox 596 1066 632 1104; x_wconf 84' lang='grc' dir='ltr'>μὴ</span> <span class='ocrx_word' id='word_1_147' title='bbox 648 1066 695 1102; x_wconf 71' lang='grc' dir='ltr'>τὴν</span> <span class='ocrx_word' id='word_1_148' title='bbox 710 1072 822 1106; x_wconf 84' lang='grc' dir='ltr'>γυναῖκα</span> 
     </span>
     <span class='ocr_line' id='line_1_21' title="bbox 56 1111 821 1150; baseline 0.004 -11"><span class='ocrx_word' id='word_1_149' title='bbox 56 1111 170 1150; x_wconf 70' lang='grc' dir='ltr'>ἐκὸοίλῃς</span> <span class='ocrx_word' id='word_1_150' title='bbox 180 1134 187 1147; x_wconf 93' lang='grc'>,</span> <span class='ocrx_word' id='word_1_151' title='bbox 203 1111 270 1140; x_wconf 83' lang='grc' dir='ltr'>ἀλλὰ</span> <span class='ocrx_word' id='word_1_152' title='bbox 283 1111 329 1145; x_wconf 81' lang='grc' dir='ltr'>τὴν</span> <span class='ocrx_word' id='word_1_153' title='bbox 345 1111 438 1140; x_wconf 84' lang='grc' dir='ltr'>κακίαν</span> <span class='ocrx_word' id='word_1_154' title='bbox 452 1112 592 1140; x_wconf 78' lang='grc' dir='ltr'>ἀπέλασον.</span> <span class='ocrx_word' id='word_1_155' title='bbox 605 1112 697 1141; x_wconf 81' lang='grc' dir='ltr'>Καίτοι</span> <span class='ocrx_word' id='word_1_156' title='bbox 711 1118 821 1150; x_wconf 85' lang='grc' dir='ltr'>γυναῖκα</span> 
     </span>
     <span class='ocr_line' id='line_1_22' title="bbox 56 1156 822 1196; baseline 0.003 -11.003"><span class='ocrx_word' id='word_1_157' title='bbox 56 1156 103 1195; x_wconf 58' lang='grc' dir='ltr'>μὲν</span> <span class='ocrx_word' id='word_1_158' title='bbox 124 1157 343 1196; x_wconf 68' lang='grc' dir='ltr'>διορθώσασθαι</span> <span class='ocrx_word' id='word_1_159' title='bbox 329 1156 447 1192; x_wconf 78' lang='grc' dir='ltr'>ουνατὸν,</span> <span class='ocrx_word' id='word_1_160' title='bbox 464 1157 541 1194; x_wconf 63' lang='grc' dir='ltr'>ικελος</span> <span class='ocrx_word' id='word_1_161' title='bbox 556 1157 583 1186; x_wconf 79' lang='grc' dir='ltr'>δὲ</span> <span class='ocrx_word' id='word_1_162' title='bbox 597 1158 723 1191; x_wconf 77' lang='grc' dir='ltr'>πολλάκις</span> <span class='ocrx_word' id='word_1_163' title='bbox 737 1170 822 1194; x_wconf 81' lang='grc' dir='ltr'>πεπη-</span> 
     </span>
    </p>

    <p class='ocr_par' dir='ltr' id='par_1_3' title="bbox 55 1202 822 1287">
     <span class='ocr_line' id='line_1_23' title="bbox 57 1202 822 1241; baseline 0.003 -11"><span class='ocrx_word' id='word_1_164' title='bbox 57 1202 172 1241; x_wconf 81' lang='grc' dir='ltr'>ρωμένον</span> <span class='ocrx_word' id='word_1_165' title='bbox 187 1206 344 1241; x_wconf 75' lang='grc' dir='ltr'>θεραπεῦσαι</span> <span class='ocrx_word' id='word_1_166' title='bbox 358 1204 405 1230; x_wconf 80' lang='grc' dir='ltr'>οὐκ</span> <span class='ocrx_word' id='word_1_167' title='bbox 419 1202 468 1230; x_wconf 86' lang='grc' dir='ltr'>ἔνι·</span> <span class='ocrx_word' id='word_1_168' title='bbox 484 1204 542 1231; x_wconf 83' lang='grc' dir='ltr'>ἀλλ’</span> <span class='ocrx_word' id='word_1_169' title='bbox 554 1203 624 1240; x_wconf 61' lang='lat' dir='ltr'>&amp;tuoe</span> <span class='ocrx_word' id='word_1_170' title='bbox 635 1204 730 1236; x_wconf 74' lang='grc' dir='ltr'>εἰδότες</span> <span class='ocrx_word' id='word_1_171' title='bbox 744 1205 822 1232; x_wconf 79' lang='grc' dir='ltr'>αὐτου</span> 
     </span>
     <span class='ocr_line' id='line_1_24' title="bbox 55 1248 822 1289; baseline 0.003 -12"><span class='ocrx_word' id='word_1_172' title='bbox 55 1248 102 1284; x_wconf 76' lang='grc' dir='ltr'>τὴν</span> <span class='ocrx_word' id='word_1_173' title='bbox 116 1249 236 1287; x_wconf 74' lang='grc' dir='ltr'>πήρωσιν</span> <span class='ocrx_word' id='word_1_174' title='bbox 253 1251 331 1278; x_wconf 85' lang='grc' dir='ltr'>οὖσαν</span> <span class='ocrx_word' id='word_1_175' title='bbox 345 1249 460 1284; x_wconf 84' lang='grc' dir='ltr'>ἀνίατον,</span> <span class='ocrx_word' id='word_1_176' title='bbox 475 1249 531 1277; x_wconf 78' lang='grc' dir='ltr'>ουδὲ</span> <span class='ocrx_word' id='word_1_177' title='bbox 545 1248 627 1282; x_wconf 79' lang='grc' dir='ltr'>οὕτως</span> <span class='ocrx_word' id='word_1_178' title='bbox 643 1250 822 1289; x_wconf 69' lang='grc' dir='ltr'>ἐκκόπτοαεν·</span> 
     </span>
    </p>

    <p class='ocr_par' dir='ltr' id='par_1_4' title="bbox 55 1279 825 1702">
     <span class='ocr_line' id='line_1_25' title="bbox 55 1279 823 1333; baseline 0.001 -9"><span class='ocrx_word' id='word_1_179' title='bbox 55 1294 123 1324; x_wconf 84' lang='grc' dir='ltr'>ἀλλὰ</span> <span class='ocrx_word' id='word_1_180' title='bbox 137 1294 181 1323; x_wconf 84' lang='grc' dir='ltr'>καὶ</span> <span class='ocrx_word' id='word_1_181' title='bbox 195 1294 262 1323; x_wconf 86' lang='grc' dir='ltr'>πόοα</span> <span class='ocrx_word' id='word_1_182' title='bbox 278 1294 483 1333; x_wconf 78' lang='grc' dir='ltr'>διεστραμμένον</span> <span class='ocrx_word' id='word_1_183' title='bbox 498 1295 601 1333; x_wconf 75' lang='grc' dir='ltr'>ἔχοντες</span> <span class='ocrx_word' id='word_1_184' title='bbox 615 1296 707 1325; x_wconf 86' lang='grc' dir='ltr'>πολλοὶ</span> <span class='ocrx_word' id='word_1_185' title='bbox 721 1279 823 1325; x_wconf 82' lang='grc' dir='ltr'>πολλοί-</span> 
     </span>
     <span class='ocr_line' id='line_1_26' title="bbox 58 1340 825 1380; baseline 0.003 -12"><span class='ocrx_word' id='word_1_186' title='bbox 58 1352 110 1376; x_wconf 85' lang='grc' dir='ltr'>κις,</span> <span class='ocrx_word' id='word_1_187' title='bbox 126 1341 170 1368; x_wconf 78' lang='grc' dir='ltr'>καὶ</span> <span class='ocrx_word' id='word_1_188' title='bbox 181 1340 272 1372; x_wconf 79' lang='grc' dir='ltr'>σκέλος</span> <span class='ocrx_word' id='word_1_189' title='bbox 285 1341 380 1379; x_wconf 76' lang='grc' dir='ltr'>χωλὸν,</span> <span class='ocrx_word' id='word_1_190' title='bbox 401 1341 445 1369; x_wconf 73' lang='grc' dir='ltr'>καὶ</span> <span class='ocrx_word' id='word_1_191' title='bbox 459 1345 534 1379; x_wconf 83' lang='grc' dir='ltr'>χεῖρα</span> <span class='ocrx_word' id='word_1_192' title='bbox 553 1340 631 1380; x_wconf 69' lang='grc' dir='ltr'>ξηρὰν</span> <span class='ocrx_word' id='word_1_193' title='bbox 643 1341 687 1370; x_wconf 71' lang='grc' dir='ltr'>καὶ</span> <span class='ocrx_word' id='word_1_194' title='bbox 700 1353 825 1380; x_wconf 84' lang='grc' dir='ltr'>νενεκρω-</span> 
     </span>
     <span class='ocr_line' id='line_1_27' title="bbox 56 1386 822 1426; baseline 0.001 -11"><span class='ocrx_word' id='word_1_195' title='bbox 56 1386 145 1424; x_wconf 78' lang='grc' dir='ltr'>μένην,</span> <span class='ocrx_word' id='word_1_196' title='bbox 166 1386 210 1414; x_wconf 80' lang='grc' dir='ltr'>καὶ</span> <span class='ocrx_word' id='word_1_197' title='bbox 230 1387 362 1425; x_wconf 74' lang='grc' dir='ltr'>ὀφθαλμὸν</span> <span class='ocrx_word' id='word_1_198' title='bbox 378 1386 544 1424; x_wconf 67' lang='grc' dir='ltr'>ἐσὸεσμένον,</span> <span class='ocrx_word' id='word_1_199' title='bbox 561 1386 617 1415; x_wconf 83' lang='grc' dir='ltr'>οὔτε</span> <span class='ocrx_word' id='word_1_200' title='bbox 633 1387 675 1415; x_wconf 75' lang='grc' dir='ltr'>τὸν</span> <span class='ocrx_word' id='word_1_201' title='bbox 691 1388 822 1426; x_wconf 66' lang='grc' dir='ltr'>ὀφθαλμὸν</span> 
     </span>
     <span class='ocr_line' id='line_1_28' title="bbox 55 1431 822 1470; baseline 0.001 -10"><span class='ocrx_word' id='word_1_202' title='bbox 55 1431 241 1470; x_wconf 63' lang='grc' dir='ltr'>ἐξορύττουσιν,</span> <span class='ocrx_word' id='word_1_203' title='bbox 264 1431 323 1460; x_wconf 86' lang='grc' dir='ltr'>οὔτε</span> <span class='ocrx_word' id='word_1_204' title='bbox 341 1432 370 1460; x_wconf 73' lang='grc' dir='ltr'>τὸ</span> <span class='ocrx_word' id='word_1_205' title='bbox 390 1431 480 1464; x_wconf 76' lang='grc' dir='ltr'>σκέλος</span> <span class='ocrx_word' id='word_1_206' title='bbox 501 1433 680 1467; x_wconf 77' lang='grc' dir='ltr'>ἐκκόπτουσιν,</span> <span class='ocrx_word' id='word_1_207' title='bbox 702 1432 760 1461; x_wconf 86' lang='grc' dir='ltr'>οὔτε</span> <span class='ocrx_word' id='word_1_208' title='bbox 776 1433 822 1468; x_wconf 81' lang='grc' dir='ltr'>τὴν</span> 
     </span>
     <span class='ocr_line' id='line_1_29' title="bbox 55 1477 824 1518; baseline 0.004 -13"><span class='ocrx_word' id='word_1_209' title='bbox 55 1482 132 1517; x_wconf 64' lang='grc' dir='ltr'>χεῖρα</span> <span class='ocrx_word' id='word_1_210' title='bbox 146 1477 345 1515; x_wconf 82' lang='grc' dir='ltr'>ἀποτέμνουσιν,</span> <span class='ocrx_word' id='word_1_211' title='bbox 370 1479 428 1506; x_wconf 82' lang='grc' dir='ltr'>ἀλλ’</span> <span class='ocrx_word' id='word_1_212' title='bbox 443 1479 552 1516; x_wconf 79' lang='grc' dir='ltr'>ὁρῶντες</span> <span class='ocrx_word' id='word_1_213' title='bbox 572 1478 630 1506; x_wconf 80' lang='grc' dir='ltr'>οὔτε</span> <span class='ocrx_word' id='word_1_214' title='bbox 645 1478 734 1518; x_wconf 75' lang='grc' dir='ltr'>κέρδος</span> <span class='ocrx_word' id='word_1_215' title='bbox 753 1480 824 1518; x_wconf 79' lang='grc' dir='ltr'>ἐγγι-</span> 
     </span>
     <span class='ocr_line' id='line_1_30' title="bbox 56 1523 824 1563; baseline 0.003 -12"><span class='ocrx_word' id='word_1_216' title='bbox 56 1523 162 1561; x_wconf 83' lang='grc' dir='ltr'>νόμενον</span> <span class='ocrx_word' id='word_1_217' title='bbox 174 1523 199 1557; x_wconf 81' lang='grc' dir='ltr'>ἐξ</span> <span class='ocrx_word' id='word_1_218' title='bbox 214 1525 297 1552; x_wconf 84' lang='grc' dir='ltr'>αὐτῶν</span> <span class='ocrx_word' id='word_1_219' title='bbox 309 1536 334 1552; x_wconf 92' lang='grc' dir='ltr'>τι</span> <span class='ocrx_word' id='word_1_220' title='bbox 346 1536 383 1563; x_wconf 85' lang='grc' dir='ltr'>τῳ</span> <span class='ocrx_word' id='word_1_221' title='bbox 397 1523 517 1561; x_wconf 82' lang='grc' dir='ltr'>σώματι,</span> <span class='ocrx_word' id='word_1_222' title='bbox 528 1536 572 1553; x_wconf 87' lang='grc' dir='ltr'>και</span> <span class='ocrx_word' id='word_1_223' title='bbox 591 1525 690 1560; x_wconf 69' lang='grc' dir='ltr'>ποὶλην</span> <span class='ocrx_word' id='word_1_224' title='bbox 704 1529 756 1558; x_wconf 80' lang='grc' dir='ltr'>τοῖς</span> <span class='ocrx_word' id='word_1_225' title='bbox 766 1527 824 1553; x_wconf 86' lang='grc' dir='ltr'>λοι-</span> 
     </span>
     <span class='ocr_line' id='line_1_31' title="bbox 56 1568 822 1609; baseline 0.004 -12"><span class='ocrx_word' id='word_1_226' title='bbox 56 1573 130 1606; x_wconf 84' lang='grc' dir='ltr'>ποῖς</span> <span class='ocrx_word' id='word_1_227' title='bbox 125 1581 157 1598; x_wconf 69' lang='lat' dir='ltr'>us</span> <span class='ocrx_word' id='word_1_228' title='bbox 151 1568 228 1597; x_wconf 88' lang='grc' dir='ltr'>λεσιν</span> <span class='ocrx_word' id='word_1_229' title='bbox 241 1569 365 1608; x_wconf 66' lang='grc' dir='ltr'>αἷσγυνην</span> <span class='ocrx_word' id='word_1_230' title='bbox 370 1591 377 1605; x_wconf 84' lang='grc'>,</span> <span class='ocrx_word' id='word_1_231' title='bbox 390 1581 509 1607; x_wconf 84' lang='grc' dir='ltr'>μενουσιν</span> <span class='ocrx_word' id='word_1_232' title='bbox 525 1570 591 1598; x_wconf 86' lang='grc' dir='ltr'>αὐτὰ</span> <span class='ocrx_word' id='word_1_233' title='bbox 605 1571 708 1609; x_wconf 81' lang='grc' dir='ltr'>ἔχοντες</span> <span class='ocrx_word' id='word_1_234' title='bbox 723 1572 764 1600; x_wconf 85' lang='grc' dir='ltr'>διὰ</span> <span class='ocrx_word' id='word_1_235' title='bbox 774 1584 822 1606; x_wconf 68' lang='grc' dir='ltr'>τνν</span> 
     </span>
     <span class='ocr_line' id='line_1_32' title="bbox 55 1615 821 1654; baseline 0.004 -11"><span class='ocrx_word' id='word_1_236' title='bbox 55 1615 120 1654; x_wconf 79' lang='grc' dir='ltr'>πρὸς</span> <span class='ocrx_word' id='word_1_237' title='bbox 143 1627 176 1643; x_wconf 81' lang='grc' dir='ltr'>τα</span> <span class='ocrx_word' id='word_1_238' title='bbox 200 1615 280 1644; x_wconf 84' lang='grc' dir='ltr'>λοιπὰ</span> <span class='ocrx_word' id='word_1_239' title='bbox 303 1615 477 1653; x_wconf 61' lang='grc' dir='ltr'>συμπάθειαν.</span> <span class='ocrx_word' id='word_1_240' title='bbox 504 1617 565 1649; x_wconf 85' lang='grc' dir='ltr'>Πῶς</span> <span class='ocrx_word' id='word_1_241' title='bbox 587 1620 629 1645; x_wconf 84' lang='grc' dir='ltr'>οὐν</span> <span class='ocrx_word' id='word_1_242' title='bbox 652 1617 699 1645; x_wconf 81' lang='grc' dir='ltr'>οὐκ</span> <span class='ocrx_word' id='word_1_243' title='bbox 715 1617 821 1654; x_wconf 78' lang='grc' dir='ltr'>ἄτοπον,</span> 
     </span>
     <span class='ocr_line' id='line_1_33' title="bbox 56 1661 821 1702; baseline 0.005 -13"><span class='ocrx_word' id='word_1_244' title='bbox 56 1661 115 1690; x_wconf 83' lang='grc' dir='ltr'>ἔνθα</span> <span class='ocrx_word' id='word_1_245' title='bbox 141 1661 186 1699; x_wconf 82' lang='grc' dir='ltr'>μὲν</span> <span class='ocrx_word' id='word_1_246' title='bbox 215 1661 319 1694; x_wconf 83' lang='grc' dir='ltr'>ἀνίατος</span> <span class='ocrx_word' id='word_1_247' title='bbox 332 1664 347 1697; x_wconf 82' lang='grc' dir='ltr'>ἡ</span> <span class='ocrx_word' id='word_1_248' title='bbox 365 1662 514 1700; x_wconf 82' lang='grc' dir='ltr'>οιόρθωσις,</span> <span class='ocrx_word' id='word_1_249' title='bbox 527 1674 572 1690; x_wconf 86' lang='grc' dir='ltr'>και</span> <span class='ocrx_word' id='word_1_250' title='bbox 585 1663 673 1702; x_wconf 78' lang='grc' dir='ltr'>κέρδος</span> <span class='ocrx_word' id='word_1_251' title='bbox 685 1663 767 1700; x_wconf 80' lang='grc' dir='ltr'>οὐοὲν,</span> <span class='ocrx_word' id='word_1_252' title='bbox 780 1676 821 1693; x_wconf 88' lang='grc' dir='ltr'>το-</span> 
     </span>
    </p>

    <p class='ocr_par' dir='ltr' id='par_1_5' title="bbox 54 1707 823 1929">
     <span class='ocr_line' id='line_1_34' title="bbox 56 1707 821 1748; baseline 0.004 -13"><span class='ocrx_word' id='word_1_253' title='bbox 56 1707 153 1742; x_wconf 78' lang='grc' dir='ltr'>σαύτην</span> <span class='ocrx_word' id='word_1_254' title='bbox 167 1711 298 1736; x_wconf 79' lang='grc' dir='ltr'>ποιεῖσθαι</span> <span class='ocrx_word' id='word_1_255' title='bbox 309 1707 447 1746; x_wconf 85' lang='grc' dir='ltr'>πρόνοιαν·</span> <span class='ocrx_word' id='word_1_256' title='bbox 462 1707 522 1736; x_wconf 81' lang='grc' dir='ltr'>ἔνθα</span> <span class='ocrx_word' id='word_1_257' title='bbox 535 1708 561 1736; x_wconf 78' lang='grc' dir='ltr'>δὲ</span> <span class='ocrx_word' id='word_1_258' title='bbox 576 1709 692 1748; x_wconf 79' lang='grc' dir='ltr'>χρησταὶ</span> <span class='ocrx_word' id='word_1_259' title='bbox 706 1709 821 1746; x_wconf 80' lang='grc' dir='ltr'>ἐλπίδες,</span> 
     </span>
     <span class='ocr_line' id='line_1_35' title="bbox 55 1752 822 1794; baseline 0.004 -13"><span class='ocrx_word' id='word_1_260' title='bbox 55 1752 100 1781; x_wconf 77' lang='grc' dir='ltr'>καὶ</span> <span class='ocrx_word' id='word_1_261' title='bbox 116 1752 199 1787; x_wconf 86' lang='grc' dir='ltr'>πολλὴ</span> <span class='ocrx_word' id='word_1_262' title='bbox 216 1755 230 1787; x_wconf 83' lang='grc' dir='ltr'>ἡ</span> <span class='ocrx_word' id='word_1_263' title='bbox 247 1752 396 1791; x_wconf 65' lang='grc' dir='ltr'>μεταὸολὴ,</span> <span class='ocrx_word' id='word_1_264' title='bbox 410 1753 582 1792; x_wconf 74' lang='grc' dir='ltr'>ἀπαγορεύειν</span> <span class='ocrx_word' id='word_1_265' title='bbox 599 1754 647 1789; x_wconf 81' lang='grc' dir='ltr'>τὴν</span> <span class='ocrx_word' id='word_1_266' title='bbox 664 1755 822 1794; x_wconf 78' lang='grc' dir='ltr'>θεραπείαν;</span> 
     </span>
     <span class='ocr_line' id='line_1_36' title="bbox 54 1798 823 1837; baseline 0.004 -11"><span class='ocrx_word' id='word_1_267' title='bbox 54 1798 96 1827; x_wconf 79' lang='grc' dir='ltr'>Τὰ</span> <span class='ocrx_word' id='word_1_268' title='bbox 119 1798 165 1836; x_wconf 81' lang='grc' dir='ltr'>μὲν</span> <span class='ocrx_word' id='word_1_269' title='bbox 179 1798 229 1836; x_wconf 84' lang='grc' dir='ltr'>γὰρ</span> <span class='ocrx_word' id='word_1_270' title='bbox 242 1801 274 1837; x_wconf 73' lang='grc' dir='ltr'>τῇ</span> <span class='ocrx_word' id='word_1_271' title='bbox 296 1798 372 1837; x_wconf 78' lang='grc' dir='ltr'>φύσει</span> <span class='ocrx_word' id='word_1_272' title='bbox 396 1798 552 1837; x_wconf 81' lang='grc' dir='ltr'>πηρωθέντα</span> <span class='ocrx_word' id='word_1_273' title='bbox 567 1799 691 1829; x_wconf 73' lang='grc' dir='ltr'>ἀδύνατον</span> <span class='ocrx_word' id='word_1_274' title='bbox 710 1801 823 1836; x_wconf 82' lang='grc' dir='ltr'>ἀνακτή-</span> 
     </span>
     <span class='ocr_line' id='line_1_37' title="bbox 55 1843 822 1885; baseline 0.005 -13"><span class='ocrx_word' id='word_1_275' title='bbox 55 1846 150 1873; x_wconf 85' lang='grc' dir='ltr'>σασθαι</span> <span class='ocrx_word' id='word_1_276' title='bbox 162 1844 250 1880; x_wconf 80' lang='grc' dir='ltr'>πάλιν,</span> <span class='ocrx_word' id='word_1_277' title='bbox 263 1844 310 1879; x_wconf 82' lang='grc' dir='ltr'>τὴν</span> <span class='ocrx_word' id='word_1_278' title='bbox 324 1843 350 1873; x_wconf 80' lang='grc' dir='ltr'>δὲ</span> <span class='ocrx_word' id='word_1_279' title='bbox 362 1843 514 1883; x_wconf 85' lang='grc' dir='ltr'>προαίρεσιν</span> <span class='ocrx_word' id='word_1_280' title='bbox 527 1846 737 1885; x_wconf 76' lang='grc' dir='ltr'>διεστραμμένην</span> <span class='ocrx_word' id='word_1_281' title='bbox 752 1848 822 1876; x_wconf 77' lang='grc' dir='ltr'>δυνα·</span> 
     </span>
     <span class='ocr_line' id='line_1_38' title="bbox 54 1889 331 1929; baseline 0 -11"><span class='ocrx_word' id='word_1_282' title='bbox 54 1890 97 1919; x_wconf 80' lang='grc' dir='ltr'>τὸν</span> <span class='ocrx_word' id='word_1_283' title='bbox 113 1889 331 1929; x_wconf 79' lang='grc' dir='ltr'>μεταῤῥυθμίσαι.</span> 
     </span>
    </p>
   </div>
   <div class='ocr_carea' id='block_1_3' title="bbox 55 1985 825 2299">
    <p class='ocr_par' dir='ltr' id='par_1_6' title="bbox 55 1985 825 2299">
     <span class='ocr_line' id='line_1_39' title="bbox 96 1985 823 2024; baseline 0.004 -11"><span class='ocrx_word' id='word_1_284' title='bbox 96 1986 130 2014; x_wconf 81' lang='grc' dir='ltr'>Εἰ</span> <span class='ocrx_word' id='word_1_285' title='bbox 151 1985 178 2014; x_wconf 79' lang='grc' dir='ltr'>δὲ</span> <span class='ocrx_word' id='word_1_286' title='bbox 197 1985 242 2014; x_wconf 75' lang='grc' dir='ltr'>καὶ</span> <span class='ocrx_word' id='word_1_287' title='bbox 256 1985 336 2020; x_wconf 75' lang='grc' dir='ltr'>αὐτὴν</span> <span class='ocrx_word' id='word_1_288' title='bbox 349 1985 435 2024; x_wconf 81' lang='grc' dir='ltr'>λέγοις</span> <span class='ocrx_word' id='word_1_289' title='bbox 448 1986 542 2015; x_wconf 81' lang='grc' dir='ltr'>ἀνίατα</span> <span class='ocrx_word' id='word_1_290' title='bbox 557 1992 649 2023; x_wconf 81' lang='grc' dir='ltr'>νοσεῖν,</span> <span class='ocrx_word' id='word_1_291' title='bbox 670 1988 714 2016; x_wconf 71' lang='grc' dir='ltr'>καὶ</span> <span class='ocrx_word' id='word_1_292' title='bbox 724 1989 823 2023; x_wconf 69' lang='grc' dir='ltr'>πολλῆς</span> 
     </span>
     <span class='ocr_line' id='line_1_40' title="bbox 58 2030 823 2072; baseline 0.005 -14"><span class='ocrx_word' id='word_1_293' title='bbox 58 2030 208 2067; x_wconf 81' lang='grc' dir='ltr'>ἐπιμελείας</span> <span class='ocrx_word' id='word_1_294' title='bbox 229 2034 358 2069; x_wconf 78' lang='grc' dir='ltr'>τυχοῦσαν</span> <span class='ocrx_word' id='word_1_295' title='bbox 380 2033 417 2070; x_wconf 82' lang='grc' dir='ltr'>τῷ</span> <span class='ocrx_word' id='word_1_296' title='bbox 445 2032 532 2071; x_wconf 79' lang='grc' dir='ltr'>οἰκείῳ</span> <span class='ocrx_word' id='word_1_297' title='bbox 556 2035 700 2071; x_wconf 75' lang='grc' dir='ltr'>κεχρῆσθαι</span> <span class='ocrx_word' id='word_1_298' title='bbox 720 2033 823 2072; x_wconf 83' lang='grc' dir='ltr'>τρόπῳ,</span> 
     </span>
     <span class='ocr_line' id='line_1_41' title="bbox 58 2075 824 2117; baseline 0.003 -12"><span class='ocrx_word' id='word_1_299' title='bbox 58 2076 115 2105; x_wconf 78' lang='grc' dir='ltr'>οὐδὲ</span> <span class='ocrx_word' id='word_1_300' title='bbox 127 2075 206 2108; x_wconf 76' lang='grc' dir='ltr'>οὕτως</span> <span class='ocrx_word' id='word_1_301' title='bbox 219 2075 298 2110; x_wconf 68' lang='grc' dir='ltr'>αὐτὴν</span> <span class='ocrx_word' id='word_1_302' title='bbox 309 2076 448 2110; x_wconf 67' lang='grc' dir='ltr'>ἒκίλητέον</span> <span class='ocrx_word' id='word_1_303' title='bbox 457 2077 528 2105; x_wconf 76' lang='grc' dir='ltr'>ὀὔτε</span> <span class='ocrx_word' id='word_1_304' title='bbox 540 2077 590 2117; x_wconf 78' lang='grc' dir='ltr'>γὰρ</span> <span class='ocrx_word' id='word_1_305' title='bbox 601 2078 631 2106; x_wconf 74' lang='grc' dir='ltr'>τὸ</span> <span class='ocrx_word' id='word_1_306' title='bbox 644 2078 720 2115; x_wconf 80' lang='grc' dir='ltr'>μέλος</span> <span class='ocrx_word' id='word_1_307' title='bbox 731 2078 824 2107; x_wconf 81' lang='grc' dir='ltr'>ἀνίατα</span> 
     </span>
     <span class='ocr_line' id='line_1_42' title="bbox 57 2121 824 2157; baseline 0.005 -9"><span class='ocrx_word' id='word_1_308' title='bbox 57 2123 146 2150; x_wconf 78' lang='grc' dir='ltr'>νοσοῦν</span> <span class='ocrx_word' id='word_1_309' title='bbox 162 2121 326 2149; x_wconf 81' lang='grc' dir='ltr'>ἐκκόπτεται.</span> <span class='ocrx_word' id='word_1_310' title='bbox 342 2122 428 2153; x_wconf 85' lang='grc' dir='ltr'>Μέλος</span> <span class='ocrx_word' id='word_1_311' title='bbox 443 2121 526 2150; x_wconf 78' lang='grc' dir='ltr'>δὲκαὶ</span> <span class='ocrx_word' id='word_1_312' title='bbox 540 2122 605 2157; x_wconf 75' lang='grc' dir='ltr'>αὕτη</span> <span class='ocrx_word' id='word_1_313' title='bbox 620 2123 663 2151; x_wconf 86' lang='grc' dir='ltr'>σόν</span> <span class='ocrx_word' id='word_1_314' title='bbox 677 2135 683 2141; x_wconf 89' lang='grc'><em>·</em></span> <span class='ocrx_word' id='word_1_315' title='bbox 699 2123 824 2153; x_wconf 83' lang='grc' dir='ltr'>Ἔσονται</span> 
     </span>
     <span class='ocr_line' id='line_1_43' title="bbox 55 2166 825 2207; baseline 0.006 -14"><span class='ocrx_word' id='word_1_316' title='bbox 55 2167 120 2205; x_wconf 76' lang='grc' dir='ltr'>γὰρ,</span> <span class='ocrx_word' id='word_1_317' title='bbox 142 2166 232 2205; x_wconf 79' lang='grc' dir='ltr'>φησὶν,</span> <span class='ocrx_word' id='word_1_318' title='bbox 252 2167 276 2194; x_wconf 79' lang='grc' dir='ltr'>οἱ</span> <span class='ocrx_word' id='word_1_319' title='bbox 291 2166 335 2195; x_wconf 79' lang='grc' dir='ltr'>δύο</span> <span class='ocrx_word' id='word_1_320' title='bbox 353 2168 390 2199; x_wconf 89' lang='grc' dir='ltr'>εἷς</span> <span class='ocrx_word' id='word_1_321' title='bbox 402 2167 487 2207; x_wconf 74' lang='grc' dir='ltr'>σάρκα</span> <span class='ocrx_word' id='word_1_322' title='bbox 503 2167 574 2205; x_wconf 82' lang='grc' dir='ltr'>μίαν.</span> <span class='ocrx_word' id='word_1_323' title='bbox 590 2168 645 2196; x_wconf 83' lang='grc' dir='ltr'>Καὶ</span> <span class='ocrx_word' id='word_1_324' title='bbox 656 2169 700 2197; x_wconf 73' lang='grc' dir='ltr'>ἐπὶ</span> <span class='ocrx_word' id='word_1_325' title='bbox 719 2169 765 2207; x_wconf 81' lang='grc' dir='ltr'>μὲν</span> <span class='ocrx_word' id='word_1_326' title='bbox 780 2173 825 2199; x_wconf 74' lang='grc' dir='ltr'>τοῦ</span> 
     </span>
     <span class='ocr_line' id='line_1_44' title="bbox 56 2212 824 2252; baseline 0.003 -11"><span class='ocrx_word' id='word_1_327' title='bbox 56 2213 149 2250; x_wconf 82' lang='grc' dir='ltr'>μέλους</span> <span class='ocrx_word' id='word_1_328' title='bbox 160 2235 166 2247; x_wconf 79' lang='grc'>,</span> <span class='ocrx_word' id='word_1_329' title='bbox 183 2212 256 2240; x_wconf 79' lang='grc' dir='ltr'>οὐδὲν</span> <span class='ocrx_word' id='word_1_330' title='bbox 271 2212 344 2240; x_wconf 82' lang='grc' dir='ltr'>ἔσται</span> <span class='ocrx_word' id='word_1_331' title='bbox 357 2212 446 2250; x_wconf 77' lang='grc' dir='ltr'>κέρδος</span> <span class='ocrx_word' id='word_1_332' title='bbox 457 2215 520 2251; x_wconf 81' lang='grc' dir='ltr'>ἡμῖν</span> <span class='ocrx_word' id='word_1_333' title='bbox 533 2216 580 2248; x_wconf 73' lang='grc' dir='ltr'>τῆς</span> <span class='ocrx_word' id='word_1_334' title='bbox 594 2215 742 2252; x_wconf 83' lang='grc' dir='ltr'>θεραπείας,</span> <span class='ocrx_word' id='word_1_335' title='bbox 755 2217 824 2244; x_wconf 80' lang='grc' dir='ltr'>ἐπει-</span> 
     </span>
     <span class='ocr_line' id='line_1_45' title="bbox 55 2257 822 2299; baseline 0.003 -12"><span class='ocrx_word' id='word_1_336' title='bbox 55 2258 100 2287; x_wconf 80' lang='grc' dir='ltr'>δὰν</span> <span class='ocrx_word' id='word_1_337' title='bbox 115 2258 166 2287; x_wconf 81' lang='grc' dir='ltr'>υπὸ</span> <span class='ocrx_word' id='word_1_338' title='bbox 177 2260 224 2293; x_wconf 78' lang='grc' dir='ltr'>τῆς</span> <span class='ocrx_word' id='word_1_339' title='bbox 242 2257 390 2297; x_wconf 78' lang='grc' dir='ltr'>ἀῤῥωστίας</span> <span class='ocrx_word' id='word_1_340' title='bbox 405 2258 560 2298; x_wconf 79' lang='grc' dir='ltr'>ἀδιόρθωτον</span> <span class='ocrx_word' id='word_1_341' title='bbox 582 2260 667 2299; x_wconf 74' lang='grc' dir='ltr'>φθᾶστ,</span> <span class='ocrx_word' id='word_1_342' title='bbox 684 2272 712 2299; x_wconf 81' lang='grc' dir='ltr'>γε</span> <span class='ocrx_word' id='word_1_343' title='bbox 702 2260 822 2289; x_wconf 83' lang='grc' dir='ltr'>νέσθαι·</span> 
     </span>
    </p>
   </div>
   <div class='ocr_carea' id='block_1_4' title="bbox 53 2302 862 2344">
    <p class='ocr_par' dir='ltr' id='par_1_7' title="bbox 53 2302 862 2344">
     <span class='ocr_line' id='line_1_46' title="bbox 53 2302 862 2344; baseline 0.004 -12"><span class='ocrx_word' id='word_1_344' title='bbox 53 2304 95 2332; x_wconf 86' lang='grc' dir='ltr'>ἐπι</span> <span class='ocrx_word' id='word_1_345' title='bbox 106 2303 132 2332; x_wconf 82' lang='grc' dir='ltr'>δε</span> <span class='ocrx_word' id='word_1_346' title='bbox 147 2315 194 2338; x_wconf 90' lang='grc' dir='ltr'>της</span> <span class='ocrx_word' id='word_1_347' title='bbox 206 2302 342 2341; x_wconf 79' lang='grc' dir='ltr'>γυναικὸς,</span> <span class='ocrx_word' id='word_1_348' title='bbox 355 2303 403 2332; x_wconf 75' lang='grc' dir='ltr'>κᾶν</span> <span class='ocrx_word' id='word_1_349' title='bbox 419 2304 513 2333; x_wconf 86' lang='grc' dir='ltr'>ἀνίατα</span> <span class='ocrx_word' id='word_1_350' title='bbox 527 2305 592 2344; x_wconf 80' lang='grc' dir='ltr'>μένῃ</span> <span class='ocrx_word' id='word_1_351' title='bbox 608 2309 718 2334; x_wconf 73' lang='grc' dir='ltr'>νοσοῦσα</span> <span class='ocrx_word' id='word_1_352' title='bbox 726 2305 823 2341; x_wconf 84' lang='grc' dir='ltr'>,πολυς</span> <span class='ocrx_word' id='word_1_353' title='bbox 842 2322 862 2342; x_wconf 77' lang='grc' dir='ltr'><strong>Λ</strong></span> 
     </span>
    </p>
   </div>
   <div class='ocr_carea' id='block_1_5' title="bbox 54 2348 825 2621">
    <p class='ocr_par' dir='ltr' id='par_1_8' title="bbox 54 2348 825 2621">
     <span class='ocr_line' id='line_1_47' title="bbox 54 2348 824 2390; baseline 0.004 -13"><span class='ocrx_word' id='word_1_354' title='bbox 54 2351 116 2387; x_wconf 81' lang='grc' dir='ltr'>ἡμῖν</span> <span class='ocrx_word' id='word_1_355' title='bbox 128 2351 141 2377; x_wconf 89' lang='grc' dir='ltr'>ὁ</span> <span class='ocrx_word' id='word_1_356' title='bbox 158 2348 271 2387; x_wconf 79' lang='grc' dir='ltr'>μισθὸς’</span> <span class='ocrx_word' id='word_1_357' title='bbox 257 2360 425 2378; x_wconf 84' lang='grc' dir='ltr'>αποκεισεται</span> <span class='ocrx_word' id='word_1_358' title='bbox 438 2349 603 2386; x_wconf 78' lang='grc' dir='ltr'>διδάσκουσι,</span> <span class='ocrx_word' id='word_1_359' title='bbox 618 2352 824 2390; x_wconf 62' lang='grc' dir='ltr'>παιδαγωγοῦσι.</span> 
     </span>
     <span class='ocr_line' id='line_1_48' title="bbox 57 2394 825 2435; baseline 0.005 -12"><span class='ocrx_word' id='word_1_360' title='bbox 57 2394 111 2423; x_wconf 76' lang='grc' dir='ltr'>Κᾶν</span> <span class='ocrx_word' id='word_1_361' title='bbox 130 2395 209 2433; x_wconf 81' lang='grc' dir='ltr'>μηδὲν</span> <span class='ocrx_word' id='word_1_362' title='bbox 227 2394 313 2430; x_wconf 85' lang='grc' dir='ltr'>ἐκείνη</span> <span class='ocrx_word' id='word_1_363' title='bbox 330 2395 404 2434; x_wconf 82' lang='grc' dir='ltr'>παρὰ</span> <span class='ocrx_word' id='word_1_364' title='bbox 425 2397 472 2430; x_wconf 71' lang='grc' dir='ltr'>τῆς</span> <span class='ocrx_word' id='word_1_365' title='bbox 500 2396 631 2435; x_wconf 73' lang='grc' dir='ltr'>ἡμετέρας</span> <span class='ocrx_word' id='word_1_366' title='bbox 656 2397 825 2431; x_wconf 76' lang='grc' dir='ltr'>διδασκαλίας</span> 
     </span>
     <span class='ocr_line' id='line_1_49' title="bbox 54 2440 824 2482; baseline 0.006 -14"><span class='ocrx_word' id='word_1_367' title='bbox 54 2440 175 2479; x_wconf 79' lang='grc' dir='ltr'>κερδαίνῃ</span> <span class='ocrx_word' id='word_1_368' title='bbox 185 2464 192 2475; x_wconf 91' lang='lat'>,</span> <span class='ocrx_word' id='word_1_369' title='bbox 210 2443 256 2475; x_wconf 77' lang='grc' dir='ltr'>τῆς</span> <span class='ocrx_word' id='word_1_370' title='bbox 276 2444 337 2479; x_wconf 74' lang='grc' dir='ltr'>γοῦν</span> <span class='ocrx_word' id='word_1_371' title='bbox 352 2443 485 2479; x_wconf 76' lang='grc' dir='ltr'>ὗπομονῆς</span> <span class='ocrx_word' id='word_1_372' title='bbox 505 2442 587 2471; x_wconf 60' lang='grc' dir='ltr'>πολὺν</span> <span class='ocrx_word' id='word_1_373' title='bbox 603 2443 675 2482; x_wconf 77' lang='grc' dir='ltr'>παρὰ</span> <span class='ocrx_word' id='word_1_374' title='bbox 691 2447 735 2473; x_wconf 76' lang='grc' dir='ltr'>τοῦ</span> <span class='ocrx_word' id='word_1_375' title='bbox 754 2446 824 2473; x_wconf 76' lang='grc' dir='ltr'>Θεοῦ</span> 
     </span>
     <span class='ocr_line' id='line_1_50' title="bbox 55 2485 823 2528; baseline 0.008 -15"><span class='ocrx_word' id='word_1_376' title='bbox 55 2485 191 2524; x_wconf 81' lang='grc' dir='ltr'>ληψόμεθα</span> <span class='ocrx_word' id='word_1_377' title='bbox 207 2486 250 2514; x_wconf 81' lang='grc' dir='ltr'>τὸν</span> <span class='ocrx_word' id='word_1_378' title='bbox 271 2486 374 2524; x_wconf 83' lang='grc' dir='ltr'>μισθὸν,</span> <span class='ocrx_word' id='word_1_379' title='bbox 391 2487 430 2515; x_wconf 77' lang='grc' dir='ltr'>ὅτι</span> <span class='ocrx_word' id='word_1_380' title='bbox 450 2486 492 2515; x_wconf 87' lang='grc' dir='ltr'>διὰ</span> <span class='ocrx_word' id='word_1_381' title='bbox 508 2488 552 2516; x_wconf 82' lang='grc' dir='ltr'>τὸν</span> <span class='ocrx_word' id='word_1_382' title='bbox 567 2488 665 2517; x_wconf 75' lang='grc' dir='ltr'>ἐκείνου</span> <span class='ocrx_word' id='word_1_383' title='bbox 682 2489 760 2528; x_wconf 60' lang='grc' dir='ltr'>φόὲον</span> <span class='ocrx_word' id='word_1_384' title='bbox 776 2502 823 2519; x_wconf 84' lang='grc' dir='ltr'>το-</span> 
     </span>
     <span class='ocr_line' id='line_1_51' title="bbox 56 2531 823 2571; baseline 0.008 -12"><span class='ocrx_word' id='word_1_385' title='bbox 56 2531 152 2566; x_wconf 79' lang='grc' dir='ltr'>σαύτην</span> <span class='ocrx_word' id='word_1_386' title='bbox 176 2532 309 2569; x_wconf 80' lang='grc' dir='ltr'>ὑπομονὴν</span> <span class='ocrx_word' id='word_1_387' title='bbox 341 2532 548 2570; x_wconf 80' lang='grc' dir='ltr'>ἐπεδειξάμεθα,</span> <span class='ocrx_word' id='word_1_388' title='bbox 576 2535 620 2563; x_wconf 77' lang='grc' dir='ltr'>καὶ</span> <span class='ocrx_word' id='word_1_389' title='bbox 650 2535 696 2571; x_wconf 70' lang='grc' dir='ltr'>τὴν</span> <span class='ocrx_word' id='word_1_390' title='bbox 729 2537 823 2565; x_wconf 82' lang='grc' dir='ltr'>κακίαν</span> 
     </span>
     <span class='ocr_line' id='line_1_52' title="bbox 55 2578 823 2621; baseline 0.009 -17"><span class='ocrx_word' id='word_1_391' title='bbox 55 2579 132 2612; x_wconf 67' lang='grc' dir='ltr'>αὐτῆς</span> <span class='ocrx_word' id='word_1_392' title='bbox 148 2578 237 2615; x_wconf 72' lang='grc' dir='ltr'>πράως</span> <span class='ocrx_word' id='word_1_393' title='bbox 252 2578 409 2617; x_wconf 73' lang='grc' dir='ltr'>ἠνέγκαμεν,</span> <span class='ocrx_word' id='word_1_394' title='bbox 425 2579 470 2608; x_wconf 77' lang='grc' dir='ltr'>καὶ</span> <span class='ocrx_word' id='word_1_395' title='bbox 486 2580 513 2608; x_wconf 79' lang='grc' dir='ltr'>τὸ</span> <span class='ocrx_word' id='word_1_396' title='bbox 532 2580 610 2618; x_wconf 78' lang='grc' dir='ltr'>μέλος</span> <span class='ocrx_word' id='word_1_397' title='bbox 624 2583 699 2619; x_wconf 71' lang='grc' dir='ltr'>ἡμῶν</span> <span class='ocrx_word' id='word_1_398' title='bbox 716 2583 823 2621; x_wconf 69' lang='grc' dir='ltr'>ἐκρατή-</span> 
     </span>
    </p>
   </div>
   <div class='ocr_carea' id='block_1_6' title="bbox 876 168 1595 1708">
    <p class='ocr_par' dir='ltr' id='par_1_9' title="bbox 876 168 1595 1708">
     <span class='ocr_line' id='line_1_53' title="bbox 1105 168 1589 215; baseline 0.002 -13"><span class='ocrx_word' id='word_1_399' title='bbox 1105 179 1153 202; x_wconf 83' lang='grc' dir='ltr'>ιιι.</span> <span class='ocrx_word' id='word_1_400' title='bbox 1524 168 1589 215; x_wconf 77' lang='lat'>257</span> 
     </span>
     <span class='ocr_line' id='line_1_54' title="bbox 877 242 1591 281; baseline 0.001 -10"><span class='ocrx_word' id='word_1_401' title='bbox 877 249 926 279; x_wconf 84' lang='lat' dir='ltr'>est,</span> <span class='ocrx_word' id='word_1_402' title='bbox 934 243 1006 281; x_wconf 88' lang='lat' dir='ltr'>quod</span> <span class='ocrx_word' id='word_1_403' title='bbox 1015 250 1107 272; x_wconf 83' lang='lat' dir='ltr'>nactus</span> <span class='ocrx_word' id='word_1_404' title='bbox 1117 243 1275 278; x_wconf 76' lang='lat' dir='ltr'>deformem,</span> <span class='ocrx_word' id='word_1_405' title='bbox 1284 242 1351 270; x_wconf 90' lang='lat' dir='ltr'>mala</span> <span class='ocrx_word' id='word_1_406' title='bbox 1363 243 1429 270; x_wconf 79' lang='lat' dir='ltr'>faeie</span> <span class='ocrx_word' id='word_1_407' title='bbox 1441 243 1591 281; x_wconf 72' lang='lat' dir='ltr'>pra—ditatu,</span> 
     </span>
     <span class='ocr_line' id='line_1_55' title="bbox 877 289 1589 329; baseline -0.001 -11"><span class='ocrx_word' id='word_1_408' title='bbox 877 296 983 329; x_wconf 84' lang='lat' dir='ltr'>turpem</span> <span class='ocrx_word' id='word_1_409' title='bbox 998 301 1028 317; x_wconf 80' lang='lat' dir='ltr'>ac</span> <span class='ocrx_word' id='word_1_410' title='bbox 1043 289 1170 325; x_wconf 73' lang='lat' dir='ltr'>vetulam,</span> <span class='ocrx_word' id='word_1_411' title='bbox 1195 299 1245 317; x_wconf 87' lang='lat' dir='ltr'>non</span> <span class='ocrx_word' id='word_1_412' title='bbox 1266 295 1403 317; x_wconf 70' lang='lat' dir='ltr'>aversatus</span> <span class='ocrx_word' id='word_1_413' title='bbox 1430 296 1467 316; x_wconf 77' lang='lat' dir='ltr'>est</span> <span class='ocrx_word' id='word_1_414' title='bbox 1486 290 1564 317; x_wconf 82' lang='lat' dir='ltr'>talem</span> <span class='ocrx_word' id='word_1_415' title='bbox 1584 302 1589 317; x_wconf 94' lang='lat'>:</span> 
     </span>
     <span class='ocr_line' id='line_1_56' title="bbox 877 334 1592 374; baseline -0.001 -10"><span class='ocrx_word' id='word_1_416' title='bbox 877 335 924 364; x_wconf 85' lang='lat' dir='ltr'>sed</span> <span class='ocrx_word' id='word_1_417' title='bbox 959 336 1030 374; x_wconf 82' lang='lat' dir='ltr'>quod</span> <span class='ocrx_word' id='word_1_418' title='bbox 1069 335 1147 363; x_wconf 87' lang='lat' dir='ltr'>morti</span> <span class='ocrx_word' id='word_1_419' title='bbox 1182 334 1297 373; x_wconf 84' lang='lat' dir='ltr'>seipsum</span> <span class='ocrx_word' id='word_1_420' title='bbox 1323 334 1452 371; x_wconf 76' lang='lat' dir='ltr'>objiciens</span> <span class='ocrx_word' id='word_1_421' title='bbox 1483 336 1592 363; x_wconf 82' lang='lat' dir='ltr'>reliuxit</span> 
     </span>
     <span class='ocr_line' id='line_1_57' title="bbox 877 380 1591 422; baseline -0.001 -12"><span class='ocrx_word' id='word_1_422' title='bbox 877 394 933 411; x_wconf 88' lang='lat' dir='ltr'>eam</span> <span class='ocrx_word' id='word_1_423' title='bbox 951 383 976 411; x_wconf 91' lang='lat' dir='ltr'>in</span> <span class='ocrx_word' id='word_1_424' title='bbox 987 381 1215 422; x_wconf 81' lang='lat' dir='ltr'>pulchritudinem</span> <span class='ocrx_word' id='word_1_425' title='bbox 1238 380 1423 409; x_wconf 64' lang='lat' dir='ltr'>incredibilem</span> <span class='ocrx_word' id='word_1_426' title='bbox 1442 393 1448 408; x_wconf 73' lang='grc' dir='ltr'>τ</span> <span class='ocrx_word' id='word_1_427' title='bbox 1463 381 1507 409; x_wconf 87' lang='lat' dir='ltr'>sed</span> <span class='ocrx_word' id='word_1_428' title='bbox 1520 381 1591 419; x_wconf 81' lang='lat' dir='ltr'>quod</span> 
     </span>
     <span class='ocr_line' id='line_1_58' title="bbox 877 426 1592 468; baseline -0.004 -11"><span class='ocrx_word' id='word_1_429' title='bbox 877 430 956 458; x_wconf 89' lang='lat' dir='ltr'>ctiam</span> <span class='ocrx_word' id='word_1_430' title='bbox 974 436 1030 468; x_wconf 80' lang='lat' dir='ltr'>post</span> <span class='ocrx_word' id='word_1_431' title='bbox 1044 429 1101 456; x_wconf 82' lang='lat' dir='ltr'>baec</span> <span class='ocrx_word' id='word_1_432' title='bbox 1118 439 1185 466; x_wconf 68' lang='lat' dir='ltr'>swpe</span> <span class='ocrx_word' id='word_1_433' title='bbox 1200 426 1363 455; x_wconf 70' lang='lat' dir='ltr'>sordidatam</span> <span class='ocrx_word' id='word_1_434' title='bbox 1378 426 1592 455; x_wconf 79' lang='lat' dir='ltr'>:uiiniatlvertens</span> 
     </span>
     <span class='ocr_line' id='line_1_59' title="bbox 877 475 1591 514; baseline -0.004 -8"><span class='ocrx_word' id='word_1_435' title='bbox 877 485 902 506; x_wconf 91' lang='lat' dir='ltr'>et</span> <span class='ocrx_word' id='word_1_436' title='bbox 930 477 1102 513; x_wconf 82' lang='lat' dir='ltr'>maculatam,</span> <span class='ocrx_word' id='word_1_437' title='bbox 1123 487 1170 504; x_wconf 81' lang='lat' dir='ltr'>nec,</span> <span class='ocrx_word' id='word_1_438' title='bbox 1189 476 1261 514; x_wconf 84' lang='lat' dir='ltr'>ejicit</span> <span class='ocrx_word' id='word_1_439' title='bbox 1288 486 1344 503; x_wconf 85' lang='lat' dir='ltr'>eam</span> <span class='ocrx_word' id='word_1_440' title='bbox 1358 486 1372 503; x_wconf 86' lang='lat' dir='ltr'>e</span> <span class='ocrx_word' id='word_1_441' title='bbox 1397 475 1525 507; x_wconf 76' lang='lat' dir='ltr'>thalamo,</span> <span class='ocrx_word' id='word_1_442' title='bbox 1545 486 1591 503; x_wconf 86' lang='lat' dir='ltr'>nec</span> 
     </span>
     <span class='ocr_line' id='line_1_60' title="bbox 877 521 1591 563; baseline -0.006 -11"><span class='ocrx_word' id='word_1_443' title='bbox 877 523 1015 563; x_wconf 75' lang='lat' dir='ltr'>abrumpit</span> <span class='ocrx_word' id='word_1_444' title='bbox 1036 533 1120 551; x_wconf 81' lang='lat' dir='ltr'>nexus</span> <span class='ocrx_word' id='word_1_445' title='bbox 1152 521 1289 560; x_wconf 79' lang='lat' dir='ltr'>‹·oujugii;</span> <span class='ocrx_word' id='word_1_446' title='bbox 1309 521 1354 550; x_wconf 83' lang='lat' dir='ltr'>sed</span> <span class='ocrx_word' id='word_1_447' title='bbox 1392 521 1496 549; x_wconf 80' lang='lat' dir='ltr'>mavult</span> <span class='ocrx_word' id='word_1_448' title='bbox 1533 532 1591 549; x_wconf 83' lang='lat' dir='ltr'>eam</span> 
     </span>
     <span class='ocr_line' id='line_1_61' title="bbox 877 567 1591 606; baseline -0.006 -8"><span class='ocrx_word' id='word_1_449' title='bbox 877 581 978 606; x_wconf 87' lang='lat' dir='ltr'>curare,</span> <span class='ocrx_word' id='word_1_450' title='bbox 998 576 1023 598; x_wconf 90' lang='lat' dir='ltr'>et</span> <span class='ocrx_word' id='word_1_451' title='bbox 1059 567 1183 597; x_wconf 82' lang='lat' dir='ltr'>remediis</span> <span class='ocrx_word' id='word_1_452' title='bbox 1214 567 1354 604; x_wconf 71' lang='lat' dir='ltr'>corrigere.</span> <span class='ocrx_word' id='word_1_453' title='bbox 1385 569 1474 603; x_wconf 82' lang='lat' dir='ltr'>Quam</span> <span class='ocrx_word' id='word_1_454' title='bbox 1513 567 1591 595; x_wconf 79' lang='lat' dir='ltr'>multi</span> 
     </span>
     <span class='ocr_line' id='line_1_62' title="bbox 876 613 1592 654; baseline -0.006 -9"><span class='ocrx_word' id='word_1_455' title='bbox 876 617 945 645; x_wconf 90' lang='lat' dir='ltr'>enim</span> <span class='ocrx_word' id='word_1_456' title='bbox 957 639 964 653; x_wconf 88' lang='lat'>,</span> <span class='ocrx_word' id='word_1_457' title='bbox 979 627 1068 654; x_wconf 72' lang='lat' dir='ltr'>quwso</span> <span class='ocrx_word' id='word_1_458' title='bbox 1080 639 1088 653; x_wconf 76' lang='lat'><em>⁷</em></span> <span class='ocrx_word' id='word_1_459' title='bbox 1101 624 1159 653; x_wconf 89' lang='lat' dir='ltr'>post</span> <span class='ocrx_word' id='word_1_460' title='bbox 1178 621 1312 654; x_wconf 75' lang='lat' dir='ltr'>acceptam</span> <span class='ocrx_word' id='word_1_461' title='bbox 1334 613 1415 642; x_wconf 75' lang='lat' dir='ltr'>fidem</span> <span class='ocrx_word' id='word_1_462' title='bbox 1438 613 1464 641; x_wconf 93' lang='lat' dir='ltr'>in</span> <span class='ocrx_word' id='word_1_463' title='bbox 1488 620 1592 652; x_wconf 82' lang='lat' dir='ltr'>peccata</span> 
     </span>
     <span class='ocr_line' id='line_1_63' title="bbox 877 659 1592 701; baseline -0.007 -10"><span class='ocrx_word' id='word_1_464' title='bbox 877 662 973 701; x_wconf 76' lang='lat' dir='ltr'>relapsi</span> <span class='ocrx_word' id='word_1_465' title='bbox 988 663 1068 691; x_wconf 73' lang='lat' dir='ltr'>sunt?</span> <span class='ocrx_word' id='word_1_466' title='bbox 1087 673 1134 691; x_wconf 88' lang='lat' dir='ltr'>nec</span> <span class='ocrx_word' id='word_1_467' title='bbox 1153 670 1239 691; x_wconf 86' lang='lat' dir='ltr'>tamen</span> <span class='ocrx_word' id='word_1_468' title='bbox 1256 671 1300 689; x_wconf 91' lang='lat' dir='ltr'>eos</span> <span class='ocrx_word' id='word_1_469' title='bbox 1320 660 1355 688; x_wconf 89' lang='lat' dir='ltr'>ob</span> <span class='ocrx_word' id='word_1_470' title='bbox 1383 659 1433 687; x_wconf 86' lang='lat' dir='ltr'>hoc</span> <span class='ocrx_word' id='word_1_471' title='bbox 1454 659 1567 687; x_wconf 77' lang='lat' dir='ltr'>fastidiit</span> <span class='ocrx_word' id='word_1_472' title='bbox 1585 671 1592 685; x_wconf 80' lang='lat'>.-</span> 
     </span>
     <span class='ocr_line' id='line_1_64' title="bbox 878 706 1592 747; baseline -0.006 -10"><span class='ocrx_word' id='word_1_473' title='bbox 878 709 964 747; x_wconf 81' lang='lat' dir='ltr'>qualis</span> <span class='ocrx_word' id='word_1_474' title='bbox 991 708 1041 737; x_wconf 84' lang='lat' dir='ltr'>suit</span> <span class='ocrx_word' id='word_1_475' title='bbox 1067 708 1112 737; x_wconf 87' lang='lat' dir='ltr'>ille</span> <span class='ocrx_word' id='word_1_476' title='bbox 1134 709 1180 747; x_wconf 87' lang='lat' dir='ltr'>qui</span> <span class='ocrx_word' id='word_1_477' title='bbox 1193 707 1265 747; x_wconf 89' lang='lat' dir='ltr'>apud</span> <span class='ocrx_word' id='word_1_478' title='bbox 1290 706 1442 734; x_wconf 79' lang='lat' dir='ltr'>Corinthios</span> <span class='ocrx_word' id='word_1_479' title='bbox 1469 712 1592 744; x_wconf 81' lang='lat' dir='ltr'>stuprum</span> 
     </span>
     <span class='ocr_line' id='line_1_65' title="bbox 878 751 1593 791; baseline -0.007 -8"><span class='ocrx_word' id='word_1_480' title='bbox 878 754 1058 791; x_wconf 72' lang='lat' dir='ltr'>commiserat,</span> <span class='ocrx_word' id='word_1_481' title='bbox 1071 765 1132 783; x_wconf 87' lang='lat' dir='ltr'>cum</span> <span class='ocrx_word' id='word_1_482' title='bbox 1147 761 1212 783; x_wconf 85' lang='lat' dir='ltr'>esset</span> <span class='ocrx_word' id='word_1_483' title='bbox 1225 753 1376 782; x_wconf 82' lang='lat' dir='ltr'>membrum</span> <span class='ocrx_word' id='word_1_484' title='bbox 1393 751 1517 780; x_wconf 68' lang='lat' dir='ltr'>Ecclesiae</span> <span class='ocrx_word' id='word_1_485' title='bbox 1533 763 1538 778; x_wconf 92' lang='lat'><strong>:</strong></span> <span class='ocrx_word' id='word_1_486' title='bbox 1554 751 1593 779; x_wconf 96' lang='lat' dir='ltr'>ni-</span> 
     </span>
     <span class='ocr_line' id='line_1_66' title="bbox 877 796 1594 833; baseline -0.007 -4"><span class='ocrx_word' id='word_1_487' title='bbox 877 801 1024 829; x_wconf 86' lang='lat' dir='ltr'>hilominus</span> <span class='ocrx_word' id='word_1_488' title='bbox 1045 811 1095 829; x_wconf 83' lang='lat' dir='ltr'>non</span> <span class='ocrx_word' id='word_1_489' title='bbox 1110 801 1230 829; x_wconf 86' lang='lat' dir='ltr'>excisum</span> <span class='ocrx_word' id='word_1_490' title='bbox 1258 798 1338 827; x_wconf 81' lang='lat' dir='ltr'>estid</span> <span class='ocrx_word' id='word_1_491' title='bbox 1363 798 1524 833; x_wconf 82' lang='lat' dir='ltr'>membrum,</span> <span class='ocrx_word' id='word_1_492' title='bbox 1548 796 1594 825; x_wconf 86' lang='lat' dir='ltr'>sed</span> 
     </span>
     <span class='ocr_line' id='line_1_67' title="bbox 878 842 1593 881; baseline -0.007 -6"><span class='ocrx_word' id='word_1_493' title='bbox 878 847 984 875; x_wconf 87' lang='lat' dir='ltr'>sanitati</span> <span class='ocrx_word' id='word_1_494' title='bbox 1006 846 1150 875; x_wconf 80' lang='lat' dir='ltr'>redditum.</span> <span class='ocrx_word' id='word_1_495' title='bbox 1166 846 1239 881; x_wconf 89' lang='lat' dir='ltr'>Quin</span> <span class='ocrx_word' id='word_1_496' title='bbox 1255 852 1281 873; x_wconf 88' lang='lat' dir='ltr'>et</span> <span class='ocrx_word' id='word_1_497' title='bbox 1294 844 1452 873; x_wconf 81' lang='lat' dir='ltr'>Galatarum</span> <span class='ocrx_word' id='word_1_498' title='bbox 1472 842 1593 872; x_wconf 76' lang='lat' dir='ltr'>Ecclesia</span> 
     </span>
     <span class='ocr_line' id='line_1_68' title="bbox 878 889 1593 928; baseline -0.006 -7"><span class='ocrx_word' id='word_1_499' title='bbox 878 893 1001 921; x_wconf 86' lang='lat' dir='ltr'>universa</span> <span class='ocrx_word' id='word_1_500' title='bbox 1012 892 1116 927; x_wconf 78' lang='lat' dir='ltr'>resiliit,</span> <span class='ocrx_word' id='word_1_501' title='bbox 1128 899 1152 920; x_wconf 87' lang='lat' dir='ltr'>et</span> <span class='ocrx_word' id='word_1_502' title='bbox 1172 892 1198 920; x_wconf 91' lang='lat' dir='ltr'>in</span> <span class='ocrx_word' id='word_1_503' title='bbox 1211 891 1383 919; x_wconf 86' lang='lat' dir='ltr'>Judaismum</span> <span class='ocrx_word' id='word_1_504' title='bbox 1397 889 1470 928; x_wconf 87' lang='lat' dir='ltr'>lapsa</span> <span class='ocrx_word' id='word_1_505' title='bbox 1486 896 1532 925; x_wconf 84' lang='lat' dir='ltr'>est,</span> <span class='ocrx_word' id='word_1_506' title='bbox 1548 896 1593 917; x_wconf 89' lang='lat' dir='ltr'>at-</span> 
     </span>
     <span class='ocr_line' id='line_1_69' title="bbox 877 934 1592 976; baseline -0.006 -8"><span class='ocrx_word' id='word_1_507' title='bbox 877 946 964 967; x_wconf 87' lang='lat' dir='ltr'>tamen</span> <span class='ocrx_word' id='word_1_508' title='bbox 988 949 1020 967; x_wconf 87' lang='lat' dir='ltr'>ne</span> <span class='ocrx_word' id='word_1_509' title='bbox 1040 939 1115 967; x_wconf 87' lang='lat' dir='ltr'>illam</span> <span class='ocrx_word' id='word_1_510' title='bbox 1138 937 1246 976; x_wconf 89' lang='lat' dir='ltr'>quidem</span> <span class='ocrx_word' id='word_1_511' title='bbox 1273 935 1382 975; x_wconf 87' lang='lat' dir='ltr'>repulit,</span> <span class='ocrx_word' id='word_1_512' title='bbox 1408 934 1453 963; x_wconf 79' lang='lat' dir='ltr'>sed</span> <span class='ocrx_word' id='word_1_513' title='bbox 1473 942 1592 964; x_wconf 86' lang='lat' dir='ltr'>curatam</span> 
     </span>
     <span class='ocr_line' id='line_1_70' title="bbox 878 979 1594 1022; baseline -0.007 -10"><span class='ocrx_word' id='word_1_514' title='bbox 878 984 953 1012; x_wconf 84' lang='lat' dir='ltr'>Pauli</span> <span class='ocrx_word' id='word_1_515' title='bbox 961 994 1039 1022; x_wconf 88' lang='lat' dir='ltr'>opera</span> <span class='ocrx_word' id='word_1_516' title='bbox 1051 982 1084 1011; x_wconf 92' lang='lat' dir='ltr'>ad</span> <span class='ocrx_word' id='word_1_517' title='bbox 1097 982 1235 1022; x_wconf 77' lang='lat' dir='ltr'>pristinam</span> <span class='ocrx_word' id='word_1_518' title='bbox 1245 979 1354 1009; x_wconf 84' lang='lat' dir='ltr'>reduxit</span> <span class='ocrx_word' id='word_1_519' title='bbox 1365 979 1594 1007; x_wconf 80' lang='lat' dir='ltr'>consuetudinem.</span> 
     </span>
     <span class='ocr_line' id='line_1_71' title="bbox 878 1024 1595 1065; baseline -0.01 -7"><span class='ocrx_word' id='word_1_520' title='bbox 878 1029 1114 1065; x_wconf 82' lang='lat' dir='ltr'>Quemadmodum</span> <span class='ocrx_word' id='word_1_521' title='bbox 1129 1035 1153 1057; x_wconf 83' lang='lat' dir='ltr'>et</span> <span class='ocrx_word' id='word_1_522' title='bbox 1167 1028 1192 1056; x_wconf 89' lang='lat' dir='ltr'>in</span> <span class='ocrx_word' id='word_1_523' title='bbox 1205 1026 1302 1055; x_wconf 84' lang='lat' dir='ltr'>nostris</span> <span class='ocrx_word' id='word_1_524' title='bbox 1320 1025 1478 1064; x_wconf 78' lang='lat' dir='ltr'>corporibus</span> <span class='ocrx_word' id='word_1_525' title='bbox 1489 1024 1510 1052; x_wconf 86' lang='lat' dir='ltr'>si</span> <span class='ocrx_word' id='word_1_526' title='bbox 1523 1035 1595 1053; x_wconf 86' lang='lat' dir='ltr'>mor-</span> 
     </span>
     <span class='ocr_line' id='line_1_72' title="bbox 877 1070 1594 1108; baseline -0.007 -4"><span class='ocrx_word' id='word_1_527' title='bbox 877 1076 928 1104; x_wconf 91' lang='lat' dir='ltr'>bus</span> <span class='ocrx_word' id='word_1_528' title='bbox 938 1074 1073 1108; x_wconf 86' lang='lat' dir='ltr'>acciderit,</span> <span class='ocrx_word' id='word_1_529' title='bbox 1095 1085 1146 1102; x_wconf 86' lang='lat' dir='ltr'>non</span> <span class='ocrx_word' id='word_1_530' title='bbox 1164 1073 1315 1102; x_wconf 81' lang='lat' dir='ltr'>membrum</span> <span class='ocrx_word' id='word_1_531' title='bbox 1340 1070 1532 1106; x_wconf 80' lang='lat' dir='ltr'>abscindimus,</span> <span class='ocrx_word' id='word_1_532' title='bbox 1548 1070 1594 1099; x_wconf 89' lang='lat' dir='ltr'>sed</span> 
     </span>
     <span class='ocr_line' id='line_1_73' title="bbox 878 1115 1594 1159; baseline -0.01 -9"><span class='ocrx_word' id='word_1_533' title='bbox 878 1120 1004 1150; x_wconf 83' lang='lat' dir='ltr'>morbum</span> <span class='ocrx_word' id='word_1_534' title='bbox 1023 1120 1149 1159; x_wconf 87' lang='lat' dir='ltr'>pellimus</span> <span class='ocrx_word' id='word_1_535' title='bbox 1167 1131 1172 1146; x_wconf 94' lang='lat'><strong>:</strong></span> <span class='ocrx_word' id='word_1_536' title='bbox 1189 1119 1226 1147; x_wconf 88' lang='lat' dir='ltr'>sic</span> <span class='ocrx_word' id='word_1_537' title='bbox 1241 1125 1266 1146; x_wconf 87' lang='lat' dir='ltr'>et</span> <span class='ocrx_word' id='word_1_538' title='bbox 1281 1128 1341 1145; x_wconf 87' lang='lat' dir='ltr'>cum</span> <span class='ocrx_word' id='word_1_539' title='bbox 1358 1126 1442 1144; x_wconf 76' lang='lat' dir='ltr'>uxore</span> <span class='ocrx_word' id='word_1_540' title='bbox 1460 1115 1594 1153; x_wconf 81' lang='lat' dir='ltr'>agendum</span> 
     </span>
     <span class='ocr_line' id='line_1_74' title="bbox 879 1162 1593 1204; baseline -0.01 -9"><span class='ocrx_word' id='word_1_541' title='bbox 879 1174 925 1196; x_wconf 80' lang='lat' dir='ltr'>est.</span> <span class='ocrx_word' id='word_1_542' title='bbox 940 1167 967 1195; x_wconf 88' lang='lat' dir='ltr'>Si</span> <span class='ocrx_word' id='word_1_543' title='bbox 988 1166 1061 1204; x_wconf 84' lang='lat' dir='ltr'>quod</span> <span class='ocrx_word' id='word_1_544' title='bbox 1082 1166 1144 1194; x_wconf 84' lang='lat' dir='ltr'>insit</span> <span class='ocrx_word' id='word_1_545' title='bbox 1160 1165 1182 1193; x_wconf 88' lang='lat' dir='ltr'>ei</span> <span class='ocrx_word' id='word_1_546' title='bbox 1209 1165 1316 1198; x_wconf 80' lang='lat' dir='ltr'>vitium,</span> <span class='ocrx_word' id='word_1_547' title='bbox 1339 1174 1372 1191; x_wconf 84' lang='lat' dir='ltr'>ne</span> <span class='ocrx_word' id='word_1_548' title='bbox 1393 1162 1478 1201; x_wconf 86' lang='lat' dir='ltr'>ipsam</span> <span class='ocrx_word' id='word_1_549' title='bbox 1493 1162 1593 1200; x_wconf 75' lang='lat' dir='ltr'>ejicias,</span> 
     </span>
     <span class='ocr_line' id='line_1_75' title="bbox 879 1207 1593 1248; baseline -0.008 -7"><span class='ocrx_word' id='word_1_550' title='bbox 879 1212 924 1241; x_wconf 89' lang='lat' dir='ltr'>sed</span> <span class='ocrx_word' id='word_1_551' title='bbox 934 1212 1030 1241; x_wconf 80' lang='lat' dir='ltr'>vitium</span> <span class='ocrx_word' id='word_1_552' title='bbox 1039 1211 1151 1248; x_wconf 72' lang='lat' dir='ltr'>abigito.</span> <span class='ocrx_word' id='word_1_553' title='bbox 1164 1210 1246 1248; x_wconf 74' lang='lat' dir='ltr'>Atqui</span> <span class='ocrx_word' id='word_1_554' title='bbox 1259 1220 1328 1238; x_wconf 83' lang='lat' dir='ltr'>uxor</span> <span class='ocrx_word' id='word_1_555' title='bbox 1340 1208 1449 1247; x_wconf 87' lang='lat' dir='ltr'>quidem</span> <span class='ocrx_word' id='word_1_556' title='bbox 1459 1207 1593 1236; x_wconf 87' lang='lat' dir='ltr'>emendari</span> 
     </span>
     <span class='ocr_line' id='line_1_76' title="bbox 879 1255 1594 1298; baseline -0.008 -11"><span class='ocrx_word' id='word_1_557' title='bbox 879 1266 974 1298; x_wconf 85' lang='lat' dir='ltr'>potest,</span> <span class='ocrx_word' id='word_1_558' title='bbox 998 1258 1150 1286; x_wconf 87' lang='lat' dir='ltr'>membrum</span> <span class='ocrx_word' id='word_1_559' title='bbox 1162 1263 1249 1284; x_wconf 84' lang='lat' dir='ltr'>autem</span> <span class='ocrx_word' id='word_1_560' title='bbox 1276 1255 1401 1283; x_wconf 91' lang='lat' dir='ltr'>mutilum</span> <span class='ocrx_word' id='word_1_561' title='bbox 1418 1264 1510 1282; x_wconf 84' lang='lat' dir='ltr'>curare</span> <span class='ocrx_word' id='word_1_562' title='bbox 1525 1264 1594 1293; x_wconf 68' lang='lat' dir='ltr'>scepe</span> 
     </span>
     <span class='ocr_line' id='line_1_77' title="bbox 879 1299 1595 1344; baseline -0.01 -11"><span class='ocrx_word' id='word_1_563' title='bbox 879 1312 916 1333; x_wconf 87' lang='lat' dir='ltr'>est</span> <span class='ocrx_word' id='word_1_564' title='bbox 933 1304 1143 1344; x_wconf 72' lang='lat' dir='ltr'>impossibile3ct</span> <span class='ocrx_word' id='word_1_565' title='bbox 1156 1309 1242 1330; x_wconf 84' lang='lat' dir='ltr'>tamen</span> <span class='ocrx_word' id='word_1_566' title='bbox 1252 1300 1375 1339; x_wconf 78' lang='lat' dir='ltr'>quamvis</span> <span class='ocrx_word' id='word_1_567' title='bbox 1386 1300 1502 1327; x_wconf 89' lang='lat' dir='ltr'>sciamus</span> <span class='ocrx_word' id='word_1_568' title='bbox 1517 1299 1544 1327; x_wconf 88' lang='lat' dir='ltr'>id</span> <span class='ocrx_word' id='word_1_569' title='bbox 1555 1299 1595 1327; x_wconf 88' lang='lat' dir='ltr'>in-</span> 
     </span>
     <span class='ocr_line' id='line_1_78' title="bbox 879 1346 1594 1387; baseline -0.01 -8"><span class='ocrx_word' id='word_1_570' title='bbox 879 1350 1051 1383; x_wconf 75' lang='lat' dir='ltr'>c111·abilc,ne</span> <span class='ocrx_word' id='word_1_571' title='bbox 1065 1349 1102 1378; x_wconf 86' lang='lat' dir='ltr'>sic</span> <span class='ocrx_word' id='word_1_572' title='bbox 1123 1348 1233 1387; x_wconf 85' lang='lat' dir='ltr'>quidem</span> <span class='ocrx_word' id='word_1_573' title='bbox 1259 1346 1505 1375; x_wconf 77' lang='lat' dir='ltr'>rescindimus2sed</span> <span class='ocrx_word' id='word_1_574' title='bbox 1533 1355 1594 1373; x_wconf 90' lang='lat' dir='ltr'>cum</span> 
     </span>
     <span class='ocr_line' id='line_1_79' title="bbox 879 1390 1594 1435; baseline -0.008 -11"><span class='ocrx_word' id='word_1_575' title='bbox 879 1396 947 1424; x_wconf 89' lang='lat' dir='ltr'>alius</span> <span class='ocrx_word' id='word_1_576' title='bbox 962 1395 1070 1435; x_wconf 84' lang='lat' dir='ltr'>loripes,</span> <span class='ocrx_word' id='word_1_577' title='bbox 1086 1395 1154 1422; x_wconf 87' lang='lat' dir='ltr'>alius</span> <span class='ocrx_word' id='word_1_578' title='bbox 1178 1404 1211 1422; x_wconf 82' lang='lat' dir='ltr'>ex</span> <span class='ocrx_word' id='word_1_579' title='bbox 1227 1403 1304 1421; x_wconf 84' lang='lat' dir='ltr'>crure</span> <span class='ocrx_word' id='word_1_580' title='bbox 1318 1392 1441 1420; x_wconf 84' lang='lat' dir='ltr'>laborans</span> <span class='ocrx_word' id='word_1_581' title='bbox 1454 1390 1594 1427; x_wconf 84' lang='lat' dir='ltr'>claudicet,</span> 
     </span>
     <span class='ocr_line' id='line_1_80' title="bbox 880 1437 1594 1472; baseline -0.01 -2"><span class='ocrx_word' id='word_1_582' title='bbox 880 1442 949 1471; x_wconf 85' lang='lat' dir='ltr'>alius</span> <span class='ocrx_word' id='word_1_583' title='bbox 965 1453 1075 1470; x_wconf 84' lang='lat' dir='ltr'>manum</span> <span class='ocrx_word' id='word_1_584' title='bbox 1090 1441 1193 1469; x_wconf 85' lang='lat' dir='ltr'>aridam</span> <span class='ocrx_word' id='word_1_585' title='bbox 1210 1446 1235 1467; x_wconf 86' lang='lat' dir='ltr'>et</span> <span class='ocrx_word' id='word_1_586' title='bbox 1249 1445 1397 1467; x_wconf 82' lang='lat' dir='ltr'>emortuam</span> <span class='ocrx_word' id='word_1_587' title='bbox 1414 1437 1594 1472; x_wconf 81' lang='lat' dir='ltr'>circumferat,</span> 
     </span>
     <span class='ocr_line' id='line_1_81' title="bbox 878 1485 1593 1518; baseline -0.008 -2"><span class='ocrx_word' id='word_1_588' title='bbox 878 1488 947 1516; x_wconf 85' lang='lat' dir='ltr'>alius</span> <span class='ocrx_word' id='word_1_589' title='bbox 963 1487 1069 1516; x_wconf 89' lang='lat' dir='ltr'>oculum</span> <span class='ocrx_word' id='word_1_590' title='bbox 1077 1486 1178 1514; x_wconf 88' lang='lat' dir='ltr'>lumine</span> <span class='ocrx_word' id='word_1_591' title='bbox 1192 1485 1299 1518; x_wconf 83' lang='lat' dir='ltr'>orbum,</span> <span class='ocrx_word' id='word_1_592' title='bbox 1310 1494 1386 1512; x_wconf 90' lang='lat' dir='ltr'>nemo</span> <span class='ocrx_word' id='word_1_593' title='bbox 1403 1490 1490 1511; x_wconf 86' lang='lat' dir='ltr'>tamen</span> <span class='ocrx_word' id='word_1_594' title='bbox 1500 1493 1593 1511; x_wconf 84' lang='lat' dir='ltr'>eorum</span> 
     </span>
     <span class='ocr_line' id='line_1_82' title="bbox 878 1527 1594 1566; baseline -0.008 -5"><span class='ocrx_word' id='word_1_595' title='bbox 878 1532 986 1561; x_wconf 84' lang='lat' dir='ltr'>oculum</span> <span class='ocrx_word' id='word_1_596' title='bbox 1000 1538 1046 1560; x_wconf 86' lang='lat' dir='ltr'>aut</span> <span class='ocrx_word' id='word_1_597' title='bbox 1060 1541 1179 1565; x_wconf 85' lang='lat' dir='ltr'>manum,</span> <span class='ocrx_word' id='word_1_598' title='bbox 1198 1536 1244 1558; x_wconf 91' lang='lat' dir='ltr'>aut</span> <span class='ocrx_word' id='word_1_599' title='bbox 1270 1539 1332 1557; x_wconf 87' lang='lat' dir='ltr'>crus</span> <span class='ocrx_word' id='word_1_600' title='bbox 1354 1527 1505 1566; x_wconf 83' lang='lat' dir='ltr'>pedemque</span> <span class='ocrx_word' id='word_1_601' title='bbox 1534 1527 1594 1556; x_wconf 84' lang='lat' dir='ltr'>vult</span> 
     </span>
     <span class='ocr_line' id='line_1_83' title="bbox 877 1573 1595 1615; baseline -0.008 -9"><span class='ocrx_word' id='word_1_602' title='bbox 877 1578 999 1607; x_wconf 81' lang='lat' dir='ltr'>amittere</span> <span class='ocrx_word' id='word_1_603' title='bbox 1016 1589 1022 1605; x_wconf 74' lang='lat' dir='ltr'>t</span> <span class='ocrx_word' id='word_1_604' title='bbox 1039 1584 1063 1605; x_wconf 86' lang='lat' dir='ltr'>et</span> <span class='ocrx_word' id='word_1_605' title='bbox 1074 1576 1198 1615; x_wconf 81' lang='lat' dir='ltr'>quamvis</span> <span class='ocrx_word' id='word_1_606' title='bbox 1222 1575 1275 1604; x_wconf 87' lang='lat' dir='ltr'>sint</span> <span class='ocrx_word' id='word_1_607' title='bbox 1301 1574 1416 1608; x_wconf 85' lang='lat' dir='ltr'>inutilia,</span> <span class='ocrx_word' id='word_1_608' title='bbox 1441 1573 1595 1611; x_wconf 75' lang='lat' dir='ltr'>caeterisque</span> 
     </span>
     <span class='ocr_line' id='line_1_84' title="bbox 878 1620 1594 1659; baseline -0.007 -6"><span class='ocrx_word' id='word_1_609' title='bbox 878 1624 1006 1653; x_wconf 87' lang='lat' dir='ltr'>membris</span> <span class='ocrx_word' id='word_1_610' title='bbox 1020 1623 1136 1653; x_wconf 86' lang='lat' dir='ltr'>dedecus</span> <span class='ocrx_word' id='word_1_611' title='bbox 1147 1623 1269 1657; x_wconf 88' lang='lat' dir='ltr'>asserant,</span> <span class='ocrx_word' id='word_1_612' title='bbox 1278 1628 1364 1649; x_wconf 87' lang='lat' dir='ltr'>tamen</span> <span class='ocrx_word' id='word_1_613' title='bbox 1376 1620 1464 1649; x_wconf 75' lang='lat' dir='ltr'>innato</span> <span class='ocrx_word' id='word_1_614' title='bbox 1478 1620 1594 1659; x_wconf 86' lang='lat' dir='ltr'>quodam</span> 
     </span>
     <span class='ocr_line' id='line_1_85' title="bbox 878 1667 1595 1708; baseline -0.006 -10"><span class='ocrx_word' id='word_1_615' title='bbox 878 1670 974 1698; x_wconf 87' lang='lat' dir='ltr'>affectu</span> <span class='ocrx_word' id='word_1_616' title='bbox 988 1676 1017 1698; x_wconf 88' lang='lat' dir='ltr'>ut</span> <span class='ocrx_word' id='word_1_617' title='bbox 1027 1676 1130 1708; x_wconf 80' lang='lat' dir='ltr'>partem</span> <span class='ocrx_word' id='word_1_618' title='bbox 1142 1667 1261 1707; x_wconf 82' lang='lat' dir='ltr'>ejusdem</span> <span class='ocrx_word' id='word_1_619' title='bbox 1277 1667 1395 1705; x_wconf 65' lang='lat' dir='ltr'>corporis</span> <span class='ocrx_word' id='word_1_620' title='bbox 1417 1677 1446 1694; x_wconf 80' lang='lat' dir='ltr'>ea</span> <span class='ocrx_word' id='word_1_621' title='bbox 1459 1667 1595 1706; x_wconf 82' lang='lat' dir='ltr'>prosequi-</span> 
     </span>
    </p>
   </div>
   <div class='ocr_carea' id='block_1_7' title="bbox 849 1713 1595 1752">
    <p class='ocr_par' dir='ltr' id='par_1_10' title="bbox 849 1713 1595 1752">
     <span class='ocr_line' id='line_1_86' title="bbox 849 1713 1595 1752; baseline -0.005 -7"><span class='ocrx_word' id='word_1_622' title='bbox 849 1726 853 1733; x_wconf 83' lang='lat'><strong>⁴</strong></span> <span class='ocrx_word' id='word_1_623' title='bbox 878 1727 950 1745; x_wconf 88' lang='lat' dir='ltr'>mur.</span> <span class='ocrx_word' id='word_1_624' title='bbox 964 1717 1004 1744; x_wconf 89' lang='lat' dir='ltr'>An</span> <span class='ocrx_word' id='word_1_625' title='bbox 1020 1726 1071 1743; x_wconf 94' lang='lat' dir='ltr'>non</span> <span class='ocrx_word' id='word_1_626' title='bbox 1084 1715 1168 1752; x_wconf 76' lang='lat' dir='ltr'>igitur</span> <span class='ocrx_word' id='word_1_627' title='bbox 1182 1713 1329 1742; x_wconf 84' lang='lat' dir='ltr'>absurdum</span> <span class='ocrx_word' id='word_1_628' title='bbox 1341 1713 1429 1749; x_wconf 85' lang='lat' dir='ltr'>fuerit,</span> <span class='ocrx_word' id='word_1_629' title='bbox 1451 1713 1498 1741; x_wconf 88' lang='lat' dir='ltr'>ubi</span> <span class='ocrx_word' id='word_1_630' title='bbox 1521 1713 1595 1741; x_wconf 84' lang='lat' dir='ltr'>nulla</span> 
     </span>
    </p>
   </div>
   <div class='ocr_carea' id='block_1_8' title="bbox 859 1758 1596 2307">
    <p class='ocr_par' dir='ltr' id='par_1_11' title="bbox 876 1758 1596 1984">
     <span class='ocr_line' id='line_1_87' title="bbox 878 1758 1596 1802; baseline -0.006 -12"><span class='ocrx_word' id='word_1_631' title='bbox 878 1769 1000 1802; x_wconf 82' lang='lat' dir='ltr'>speratur</span> <span class='ocrx_word' id='word_1_632' title='bbox 1019 1761 1121 1789; x_wconf 84' lang='lat' dir='ltr'>utilitas</span> <span class='ocrx_word' id='word_1_633' title='bbox 1134 1767 1180 1789; x_wconf 85' lang='lat' dir='ltr'>aut</span> <span class='ocrx_word' id='word_1_634' title='bbox 1198 1759 1335 1795; x_wconf 86' lang='lat' dir='ltr'>correctio,</span> <span class='ocrx_word' id='word_1_635' title='bbox 1351 1766 1452 1787; x_wconf 84' lang='lat' dir='ltr'>tantam</span> <span class='ocrx_word' id='word_1_636' title='bbox 1466 1758 1596 1787; x_wconf 83' lang='lat' dir='ltr'>adhibere</span> 
     </span>
     <span class='ocr_line' id='line_1_88' title="bbox 878 1805 1595 1844; baseline -0.006 -8"><span class='ocrx_word' id='word_1_637' title='bbox 878 1807 1088 1836; x_wconf 84' lang='lat' dir='ltr'>sollicitudinem</span> <span class='ocrx_word' id='word_1_638' title='bbox 1099 1806 1233 1835; x_wconf 78' lang='lat' dir='ltr'>:ubivero</span> <span class='ocrx_word' id='word_1_639' title='bbox 1247 1805 1315 1834; x_wconf 81' lang='lat' dir='ltr'>hona</span> <span class='ocrx_word' id='word_1_640' title='bbox 1325 1816 1384 1844; x_wconf 86' lang='lat' dir='ltr'>spes</span> <span class='ocrx_word' id='word_1_641' title='bbox 1395 1812 1515 1844; x_wconf 82' lang='lat' dir='ltr'>superest</span> <span class='ocrx_word' id='word_1_642' title='bbox 1524 1812 1547 1832; x_wconf 90' lang='lat' dir='ltr'>et</span> <span class='ocrx_word' id='word_1_643' title='bbox 1556 1805 1595 1833; x_wconf 89' lang='lat' dir='ltr'>sa-</span> 
     </span>
     <span class='ocr_line' id='line_1_89' title="bbox 876 1851 1594 1888; baseline -0.007 -6"><span class='ocrx_word' id='word_1_644' title='bbox 876 1853 936 1882; x_wconf 84' lang='lat' dir='ltr'>cilis</span> <span class='ocrx_word' id='word_1_645' title='bbox 950 1853 1075 1888; x_wconf 85' lang='lat' dir='ltr'>mutatio,</span> <span class='ocrx_word' id='word_1_646' title='bbox 1099 1853 1203 1881; x_wconf 87' lang='lat' dir='ltr'>nullam</span> <span class='ocrx_word' id='word_1_647' title='bbox 1228 1851 1389 1879; x_wconf 81' lang='lat' dir='ltr'>medicinam</span> <span class='ocrx_word' id='word_1_648' title='bbox 1404 1851 1508 1878; x_wconf 71' lang='lat' dir='ltr'>facere?</span> <span class='ocrx_word' id='word_1_649' title='bbox 1524 1851 1594 1878; x_wconf 83' lang='lat' dir='ltr'>Nam</span> 
     </span>
     <span class='ocr_line' id='line_1_90' title="bbox 876 1896 1595 1932; baseline -0.004 -5"><span class='ocrx_word' id='word_1_650' title='bbox 876 1899 967 1927; x_wconf 84' lang='lat' dir='ltr'>innata</span> <span class='ocrx_word' id='word_1_651' title='bbox 979 1899 1044 1928; x_wconf 79' lang='lat' dir='ltr'>vitia</span> <span class='ocrx_word' id='word_1_652' title='bbox 1060 1898 1142 1926; x_wconf 86' lang='lat' dir='ltr'>nullis</span> <span class='ocrx_word' id='word_1_653' title='bbox 1159 1897 1257 1926; x_wconf 83' lang='lat' dir='ltr'>cedunt</span> <span class='ocrx_word' id='word_1_654' title='bbox 1270 1896 1538 1932; x_wconf 78' lang='lat' dir='ltr'>remediis,voluntas</span> <span class='ocrx_word' id='word_1_655' title='bbox 1550 1906 1595 1924; x_wconf 84' lang='lat' dir='ltr'>au·</span> 
     </span>
     <span class='ocr_line' id='line_1_91' title="bbox 877 1942 1310 1984; baseline -0.009 -11"><span class='ocrx_word' id='word_1_656' title='bbox 877 1952 933 1974; x_wconf 87' lang='lat' dir='ltr'>tem</span> <span class='ocrx_word' id='word_1_657' title='bbox 948 1944 1092 1984; x_wconf 74' lang='lat' dir='ltr'>depravata</span> <span class='ocrx_word' id='word_1_658' title='bbox 1101 1950 1188 1982; x_wconf 82' lang='lat' dir='ltr'>potest</span> <span class='ocrx_word' id='word_1_659' title='bbox 1203 1942 1310 1979; x_wconf 79' lang='lat' dir='ltr'>corrigi.</span> 
     </span>
    </p>

    <p class='ocr_par' dir='ltr' id='par_1_12' title="bbox 877 1992 1596 2307">
     <span class='ocr_line' id='line_1_92' title="bbox 922 1992 1595 2032; baseline -0.006 -7"><span class='ocrx_word' id='word_1_660' title='bbox 922 1997 951 2025; x_wconf 83' lang='lat'>5.</span> <span class='ocrx_word' id='word_1_661' title='bbox 965 1995 1046 2031; x_wconf 90' lang='lat' dir='ltr'>Quod</span> <span class='ocrx_word' id='word_1_662' title='bbox 1063 1995 1084 2022; x_wconf 90' lang='lat' dir='ltr'>si</span> <span class='ocrx_word' id='word_1_663' title='bbox 1099 2001 1172 2022; x_wconf 84' lang='lat' dir='ltr'>tuam</span> <span class='ocrx_word' id='word_1_664' title='bbox 1185 2003 1296 2021; x_wconf 76' lang='lat' dir='ltr'>uxorem</span> <span class='ocrx_word' id='word_1_665' title='bbox 1308 1999 1365 2032; x_wconf 86' lang='lat' dir='ltr'>post</span> <span class='ocrx_word' id='word_1_666' title='bbox 1380 1992 1501 2021; x_wconf 86' lang='lat' dir='ltr'>adhibita</span> <span class='ocrx_word' id='word_1_667' title='bbox 1512 1993 1595 2021; x_wconf 85' lang='lat' dir='ltr'>multa</span> 
     </span>
     <span class='ocr_line' id='line_1_93' title="bbox 877 2038 1596 2078; baseline -0.001 -9"><span class='ocrx_word' id='word_1_668' title='bbox 877 2040 993 2069; x_wconf 85' lang='lat' dir='ltr'>remedia</span> <span class='ocrx_word' id='word_1_669' title='bbox 1008 2050 1087 2078; x_wconf 82' lang='lat' dir='ltr'>neges</span> <span class='ocrx_word' id='word_1_670' title='bbox 1102 2039 1260 2074; x_wconf 83' lang='lat' dir='ltr'>curabilem,</span> <span class='ocrx_word' id='word_1_671' title='bbox 1277 2045 1306 2066; x_wconf 88' lang='lat' dir='ltr'>ut</span> <span class='ocrx_word' id='word_1_672' title='bbox 1318 2049 1376 2076; x_wconf 73' lang='lat' dir='ltr'>quze</span> <span class='ocrx_word' id='word_1_673' title='bbox 1395 2038 1526 2067; x_wconf 82' lang='lat' dir='ltr'>obstinate</span> <span class='ocrx_word' id='word_1_674' title='bbox 1537 2050 1596 2068; x_wconf 88' lang='lat' dir='ltr'>mo-</span> 
     </span>
     <span class='ocr_line' id='line_1_94' title="bbox 878 2084 1593 2122; baseline -0.003 -7"><span class='ocrx_word' id='word_1_675' title='bbox 878 2097 919 2115; x_wconf 81' lang='lat' dir='ltr'>res</span> <span class='ocrx_word' id='word_1_676' title='bbox 935 2097 996 2115; x_wconf 85' lang='lat' dir='ltr'>suos</span> <span class='ocrx_word' id='word_1_677' title='bbox 1010 2085 1131 2119; x_wconf 82' lang='lat' dir='ltr'>retineat,</span> <span class='ocrx_word' id='word_1_678' title='bbox 1147 2095 1178 2112; x_wconf 86' lang='lat' dir='ltr'>ne</span> <span class='ocrx_word' id='word_1_679' title='bbox 1192 2091 1250 2112; x_wconf 89' lang='lat' dir='ltr'>tum</span> <span class='ocrx_word' id='word_1_680' title='bbox 1263 2084 1372 2122; x_wconf 85' lang='lat' dir='ltr'>quidem</span> <span class='ocrx_word' id='word_1_681' title='bbox 1380 2084 1527 2121; x_wconf 73' lang='lat' dir='ltr'>ableganda</span> <span class='ocrx_word' id='word_1_682' title='bbox 1539 2092 1593 2115; x_wconf 86' lang='lat' dir='ltr'>est:</span> 
     </span>
     <span class='ocr_line' id='line_1_95' title="bbox 879 2129 1596 2170; baseline -0.003 -9"><span class='ocrx_word' id='word_1_683' title='bbox 879 2143 965 2170; x_wconf 81' lang='lat' dir='ltr'>neque</span> <span class='ocrx_word' id='word_1_684' title='bbox 973 2131 1044 2160; x_wconf 86' lang='lat' dir='ltr'>enim</span> <span class='ocrx_word' id='word_1_685' title='bbox 1059 2131 1210 2159; x_wconf 82' lang='lat' dir='ltr'>membrum</span> <span class='ocrx_word' id='word_1_686' title='bbox 1221 2129 1370 2158; x_wconf 84' lang='lat' dir='ltr'>incurabile</span> <span class='ocrx_word' id='word_1_687' title='bbox 1381 2129 1535 2158; x_wconf 80' lang='lat' dir='ltr'>recidimus.</span> <span class='ocrx_word' id='word_1_688' title='bbox 1545 2130 1596 2159; x_wconf 82' lang='lat' dir='ltr'>Est</span> 
     </span>
     <span class='ocr_line' id='line_1_96' title="bbox 878 2175 1592 2216; baseline -0.003 -10"><span class='ocrx_word' id='word_1_689' title='bbox 878 2185 965 2207; x_wconf 85' lang='lat' dir='ltr'>autem</span> <span class='ocrx_word' id='word_1_690' title='bbox 977 2177 1131 2216; x_wconf 74' lang='lat' dir='ltr'>etllaecpars</span> <span class='ocrx_word' id='word_1_691' title='bbox 1140 2176 1181 2205; x_wconf 84' lang='lat' dir='ltr'>tui</span> <span class='ocrx_word' id='word_1_692' title='bbox 1191 2175 1310 2215; x_wconf 86' lang='lat' dir='ltr'>corporis</span> <span class='ocrx_word' id='word_1_693' title='bbox 1319 2175 1434 2204; x_wconf 84' lang='lat' dir='ltr'>:dictum</span> <span class='ocrx_word' id='word_1_694' title='bbox 1449 2183 1488 2205; x_wconf 83' lang='lat' dir='ltr'>est</span> <span class='ocrx_word' id='word_1_695' title='bbox 1502 2176 1573 2205; x_wconf 85' lang='lat' dir='ltr'>enim</span> <span class='ocrx_word' id='word_1_696' title='bbox 1586 2189 1592 2204; x_wconf 85' lang='lat' dir='ltr'>z</span> 
     </span>
     <span class='ocr_line' id='line_1_97' title="bbox 878 2221 1593 2260; baseline -0.001 -9"><span class='ocrx_word' id='word_1_697' title='bbox 878 2224 975 2252; x_wconf 72' lang='lat' dir='ltr'>Erunt</span> <span class='ocrx_word' id='word_1_698' title='bbox 982 2223 1040 2251; x_wconf 83' lang='lat' dir='ltr'>duo</span> <span class='ocrx_word' id='word_1_699' title='bbox 1053 2226 1083 2250; x_wconf 82' lang='lat' dir='ltr'>in</span> <span class='ocrx_word' id='word_1_700' title='bbox 1094 2233 1182 2250; x_wconf 81' lang='lat' dir='ltr'>carne</span> <span class='ocrx_word' id='word_1_701' title='bbox 1196 2232 1264 2250; x_wconf 83' lang='lat' dir='ltr'>una.</span> <span class='ocrx_word' id='word_1_702' title='bbox 1272 2221 1309 2249; x_wconf 86' lang='lat' dir='ltr'>Et</span> <span class='ocrx_word' id='word_1_703' title='bbox 1320 2221 1474 2250; x_wconf 88' lang='lat' dir='ltr'>membrum</span> <span class='ocrx_word' id='word_1_704' title='bbox 1485 2222 1593 2260; x_wconf 87' lang='lat' dir='ltr'>quidem</span> 
     </span>
     <span class='ocr_line' id='line_1_98' title="bbox 859 2267 1594 2307; baseline 0 -10"><span class='ocrx_word' id='word_1_705' title='bbox 859 2279 983 2302; x_wconf 81' lang='lat' dir='ltr'>curasse</span> <span class='ocrx_word' id='word_1_706' title='bbox 994 2268 1100 2297; x_wconf 85' lang='lat' dir='ltr'>nullum</span> <span class='ocrx_word' id='word_1_707' title='bbox 1115 2278 1202 2306; x_wconf 82' lang='lat' dir='ltr'>operae</span> <span class='ocrx_word' id='word_1_708' title='bbox 1216 2267 1334 2307; x_wconf 83' lang='lat' dir='ltr'>pretium</span> <span class='ocrx_word' id='word_1_709' title='bbox 1348 2267 1437 2302; x_wconf 86' lang='lat' dir='ltr'>suerit,</span> <span class='ocrx_word' id='word_1_710' title='bbox 1458 2268 1480 2296; x_wconf 84' lang='lat' dir='ltr'>si</span> <span class='ocrx_word' id='word_1_711' title='bbox 1501 2279 1534 2297; x_wconf 74' lang='lat' dir='ltr'>ex</span> <span class='ocrx_word' id='word_1_712' title='bbox 1549 2268 1594 2297; x_wconf 83' lang='lat' dir='ltr'>in-</span> 
     </span>
    </p>
   </div>
   <div class='ocr_carea' id='block_1_9' title="bbox 878 2313 1595 2396">
    <p class='ocr_par' dir='ltr' id='par_1_13' title="bbox 878 2313 1595 2396">
     <span class='ocr_line' id='line_1_99' title="bbox 879 2313 1595 2343; baseline 0 0"><span class='ocrx_word' id='word_1_713' title='bbox 879 2314 1005 2343; x_wconf 87' lang='lat' dir='ltr'>firmitate</span> <span class='ocrx_word' id='word_1_714' title='bbox 1021 2313 1169 2342; x_wconf 87' lang='lat' dir='ltr'>insanabile</span> <span class='ocrx_word' id='word_1_715' title='bbox 1181 2320 1286 2342; x_wconf 87' lang='lat' dir='ltr'>maneat</span> <span class='ocrx_word' id='word_1_716' title='bbox 1303 2325 1309 2340; x_wconf 72' lang='grc' dir='ltr'>ε</span> <span class='ocrx_word' id='word_1_717' title='bbox 1324 2320 1415 2342; x_wconf 86' lang='lat' dir='ltr'>contra</span> <span class='ocrx_word' id='word_1_718' title='bbox 1426 2314 1518 2343; x_wconf 78' lang='lat' dir='ltr'>uxoris</span> <span class='ocrx_word' id='word_1_719' title='bbox 1528 2314 1595 2343; x_wconf 64' lang='lat' dir='ltr'>vitio</span> 
     </span>
     <span class='ocr_line' id='line_1_100' title="bbox 878 2356 1595 2396; baseline -0.001 -9"><span class='ocrx_word' id='word_1_720' title='bbox 878 2358 899 2387; x_wconf 89' lang='lat' dir='ltr'>si</span> <span class='ocrx_word' id='word_1_721' title='bbox 916 2358 1057 2395; x_wconf 79' lang='lat' dir='ltr'>medearis,</span> <span class='ocrx_word' id='word_1_722' title='bbox 1077 2358 1139 2386; x_wconf 82' lang='lat' dir='ltr'>licet</span> <span class='ocrx_word' id='word_1_723' title='bbox 1153 2356 1302 2386; x_wconf 85' lang='lat' dir='ltr'>insanabile</span> <span class='ocrx_word' id='word_1_724' title='bbox 1327 2363 1441 2391; x_wconf 79' lang='lat' dir='ltr'>maneat,</span> <span class='ocrx_word' id='word_1_725' title='bbox 1467 2368 1595 2396; x_wconf 84' lang='lat' dir='ltr'>magnum</span> 
     </span>
    </p>
   </div>
   <div class='ocr_carea' id='block_1_10' title="bbox 878 2401 1595 2626">
    <p class='ocr_par' dir='ltr' id='par_1_14' title="bbox 878 2401 1595 2626">
     <span class='ocr_line' id='line_1_101' title="bbox 878 2401 1595 2444; baseline -0.003 -11"><span class='ocrx_word' id='word_1_726' title='bbox 878 2404 926 2433; x_wconf 84' lang='lat' dir='ltr'>tihi</span> <span class='ocrx_word' id='word_1_727' title='bbox 938 2404 1108 2444; x_wconf 78' lang='lat' dir='ltr'>propositum</span> <span class='ocrx_word' id='word_1_728' title='bbox 1123 2409 1160 2431; x_wconf 80' lang='lat' dir='ltr'>est</span> <span class='ocrx_word' id='word_1_729' title='bbox 1175 2402 1327 2442; x_wconf 84' lang='lat' dir='ltr'>praemium,</span> <span class='ocrx_word' id='word_1_730' title='bbox 1337 2401 1358 2430; x_wconf 85' lang='lat' dir='ltr'>si</span> <span class='ocrx_word' id='word_1_731' title='bbox 1368 2412 1425 2430; x_wconf 83' lang='lat' dir='ltr'>eam</span> <span class='ocrx_word' id='word_1_732' title='bbox 1432 2402 1556 2431; x_wconf 84' lang='lat' dir='ltr'>docueris</span> <span class='ocrx_word' id='word_1_733' title='bbox 1570 2410 1595 2431; x_wconf 88' lang='lat' dir='ltr'>et</span> 
     </span>
     <span class='ocr_line' id='line_1_102' title="bbox 878 2447 1595 2484; baseline -0.003 -6"><span class='ocrx_word' id='word_1_734' title='bbox 878 2450 1034 2478; x_wconf 79' lang='lat' dir='ltr'>institueris.</span> <span class='ocrx_word' id='word_1_735' title='bbox 1051 2448 1236 2484; x_wconf 72' lang='lat' dir='ltr'>Quantumvis</span> <span class='ocrx_word' id='word_1_736' title='bbox 1252 2448 1323 2476; x_wconf 86' lang='lat' dir='ltr'>enim</span> <span class='ocrx_word' id='word_1_737' title='bbox 1341 2447 1440 2476; x_wconf 87' lang='lat' dir='ltr'>frustra</span> <span class='ocrx_word' id='word_1_738' title='bbox 1463 2448 1496 2476; x_wconf 82' lang='lat' dir='ltr'>sit</span> <span class='ocrx_word' id='word_1_739' title='bbox 1509 2449 1595 2476; x_wconf 86' lang='lat' dir='ltr'>onmis</span> 
     </span>
     <span class='ocr_line' id='line_1_103' title="bbox 878 2493 1595 2534; baseline -0.001 -11"><span class='ocrx_word' id='word_1_740' title='bbox 878 2494 1022 2534; x_wconf 83' lang='lat' dir='ltr'>disciplina</span> <span class='ocrx_word' id='word_1_741' title='bbox 1046 2502 1071 2523; x_wconf 89' lang='lat' dir='ltr'>et</span> <span class='ocrx_word' id='word_1_742' title='bbox 1101 2493 1246 2529; x_wconf 82' lang='lat' dir='ltr'>institutio,</span> <span class='ocrx_word' id='word_1_743' title='bbox 1277 2493 1416 2521; x_wconf 84' lang='lat' dir='ltr'>tolerantia</span> <span class='ocrx_word' id='word_1_744' title='bbox 1443 2500 1529 2521; x_wconf 86' lang='lat' dir='ltr'>tamen</span> <span class='ocrx_word' id='word_1_745' title='bbox 1551 2500 1595 2522; x_wconf 80' lang='lat' dir='ltr'>tua</span> 
     </span>
     <span class='ocr_line' id='line_1_104' title="bbox 878 2539 1593 2579; baseline -0.003 -11"><span class='ocrx_word' id='word_1_746' title='bbox 878 2540 998 2570; x_wconf 85' lang='lat' dir='ltr'>mercede</span> <span class='ocrx_word' id='word_1_747' title='bbox 1016 2540 1149 2569; x_wconf 80' lang='lat' dir='ltr'>divinitus</span> <span class='ocrx_word' id='word_1_748' title='bbox 1171 2539 1302 2579; x_wconf 85' lang='lat' dir='ltr'>promissa</span> <span class='ocrx_word' id='word_1_749' title='bbox 1327 2548 1378 2567; x_wconf 89' lang='lat' dir='ltr'>non</span> <span class='ocrx_word' id='word_1_750' title='bbox 1410 2539 1593 2573; x_wconf 83' lang='lat' dir='ltr'>frustrabitur,</span> 
     </span>
     <span class='ocr_line' id='line_1_105' title="bbox 878 2583 1593 2626; baseline -0.001 -13"><span class='ocrx_word' id='word_1_751' title='bbox 878 2585 949 2624; x_wconf 86' lang='lat' dir='ltr'>quod</span> <span class='ocrx_word' id='word_1_752' title='bbox 964 2593 1074 2626; x_wconf 80' lang='lat' dir='ltr'>propter</span> <span class='ocrx_word' id='word_1_753' title='bbox 1089 2585 1139 2615; x_wconf 85' lang='lat' dir='ltr'>Dei</span> <span class='ocrx_word' id='word_1_754' title='bbox 1156 2585 1280 2614; x_wconf 86' lang='lat' dir='ltr'>timorem</span> <span class='ocrx_word' id='word_1_755' title='bbox 1292 2590 1394 2612; x_wconf 83' lang='lat' dir='ltr'>tantum</span> <span class='ocrx_word' id='word_1_756' title='bbox 1410 2583 1593 2612; x_wconf 82' lang='lat' dir='ltr'>molestiarum</span> 
     </span>
    </p>
   </div>
   <div class='ocr_carea' id='block_1_11' title="bbox 1609 2228 1746 2255">
    <p class='ocr_par' dir='ltr' id='par_1_15' title="bbox 1609 2228 1746 2255">
     <span class='ocr_line' id='line_1_106' title="bbox 1609 2228 1746 2255; baseline -0.007 -7"><span class='ocrx_word' id='word_1_757' title='bbox 1609 2228 1664 2249; x_wconf 69' lang='lat' dir='ltr'>Gen.</span> <span class='ocrx_word' id='word_1_758' title='bbox 1674 2233 1695 2249; x_wconf 82' lang='lat'>2.</span> <span class='ocrx_word' id='word_1_759' title='bbox 1709 2228 1746 2255; x_wconf 35' lang='lat'><strong>2⁴²5.</strong></span> 
     </span>
    </p>
   </div>
  </div>
 </body>
</html>
