1830 2829
415 168 446 191 ΙΝ
477 168 588 199 lidron,
618 168 791 190 MLUrATr:
818 166 1015 189 musculum
1045 166 1084 188 ΕΤ
1114 167 1278 196 ΛΩΙῙΗΛΠ.
1310 169 1344 190 ΙΙ.

112 242 199 259 σονται
220 230 319 261 πάντας
336 230 593 269 ἀποχειροτονοῧντες
604 251 610 263 ,
629 231 673 259 καὶ
687 231 716 258 ἐκ
731 233 776 259 τοῦ
792 229 877 268 βήμα-

111 289 152 309 τος
176 275 403 309 καταίὶιῧάζοντες.
427 276 478 305 Διὰ
492 280 567 305 τοῦτο
582 277 625 305 καὶ
651 278 754 308 Παῦλος
766 276 808 304 τον
832 276 879 314 ἀρ-

110 323 200 362 χιερέα
214 325 265 351 τῶν
279 321 412 350 Ἰουδαίων
428 322 547 361 ὑδρία-ας,
561 323 605 350 καὶ
619 322 708 358 εἰπὼν,
723 322 840 350 Τύπτειν
851 332 880 349 σε

111 369 200 406 μέλλει
214 370 227 396 ὁ
243 367 309 400 Θεὸς
320 389 326 401 ,
346 372 417 406 τοῖχε
432 368 599 406 κεκονιαμένε
615 381 620 386 ·
638 369 681 396 καὶ
696 368 727 396 σὺ
739 368 806 406 κάθῃ
822 367 880 406 κρί-

111 425 160 441 νων
175 426 222 452 με;
235 413 324 448 ἐπειδή
339 425 415 442 τινων
429 414 537 448 ἤκουσεν
551 414 772 452 ἐπιστομιζόντων
788 413 879 446 αὐτὸν,

110 459 154 488 καὶ
176 458 302 498 λεγόντοιν
314 481 320 492 ,
346 459 400 487 Τὸν
427 460 552 499 ἀρχιερέα
579 464 623 489 τοῦ
646 463 715 489 (θεοῦ
743 460 885 497 λοιδορεῖς;

109 505 189 538 δεῖξαι
206 505 372 543 βουλόμενος,
395 506 458 539 ὅσην
475 505 613 543 ἀπονέμειν
639 507 676 534 δεῖ
696 510 748 537 τοῖς
770 505 879 543 ἄρχουσι

109 551 156 586 τῂν
171 552 236 579 αἰδῶ
258 551 302 579 καὶ
325 551 372 586 τὴν
387 551 481 589 τιμὴν,
498 552 522 580 τί
547 564 640 590 :pm-tu
663 552 721 579 Οὐκ
744 551 816 589 ᾔδειν
839 549 880 578 ὅτι

110 597 245 637 ἀρχιερεὺς
260 600 303 625 τοῦ
324 600 392 626 (θεοῦ
415 593 454 631 ἧν.
470 599 520 626 Διὰ
536 602 611 626 τοῦτο
630 596 674 625 καὶ
697 596 780 624 Δαυὶδ
794 607 879 635 παρα-

108 646 236 680 νομοῦντα
258 642 345 670 λαῖἐὼν
367 642 410 671 τὸν
425 642 529 678 Σαοὺλ,
544 643 589 671 καὶ
604 642 680 681 φόνου
694 641 821 674 πνέοντα,
836 641 880 669 καὶ

109 688 202 726 μυρίας
216 688 278 716 ὄντα
291 688 423 720 κολάσεως
436 687 517 723 ἄξιον,
530 689 558 716 οὐ
571 688 648 725 μόνον
662 688 740 716 αὐτοῦ
752 689 798 722 τῆς
812 688 879 721 ζωῆς

107 734 238 773 ἐφείσατο,
250 735 307 762 ἀλλ’
320 734 378 762 οὔτε
395 736 467 773 ῥῆμα
479 734 599 773 φορτικὸν
616 735 652 766 εἷς
667 733 743 762 αὐτὸν
756 733 877 762 ἐκῧαλεῖν

107 780 228 818 ὑπέμεινε
243 791 248 796 ·
265 779 308 808 καὶ
323 779 370 815 τὴν
383 779 468 808 αἰτίαν
486 780 572 814 τίθησι
587 779 685 818 λέγων,
702 779 742 807 ὅτι
762 779 876 819 Χριστὸς

108 825 203 864 Κυρίου
223 825 301 854 ἐστίν.
318 827 375 854 Οὐκ
391 826 506 854 ἐντεῦθεν
520 825 545 853 δὲ
558 825 650 863 μόνον,
667 825 734 854 ἀλλὰ
761 826 804 853 καὶ
825 825 879 854 ἑτέ-

107 874 186 910 ρωθεν
209 873 238 899 ἐκ
261 872 360 905 πολλῆς
383 873 431 905 τῆς
453 871 604 910 περιουσίας
627 871 696 900 ἐστὶν
721 872 800 906 ἰδεῖν,
823 874 878 904 πῶς

104 917 195 956 πόρῤω
211 928 259 945 που
273 919 318 945 τοῦ
333 916 366 945 τὰ
379 919 430 945 τῶν
446 917 534 956 ἱερέων
550 918 665 956 διορθοῦν
677 917 720 946 τὸν
732 916 878 956 ἀρχόμενον

105 963 243 998 ἐστηκέναι
259 962 320 1001 χρή.
345 963 403 996 Τἧς
417 963 468 1002 γὰρ
483 962 596 992 metato&
611 975 675 991 ποτε
699 962 878 1001 ἀναγομένης,

105 1008 196 1044 ἐπειδή
210 1020 278 1040 τινες
289 1010 340 1036 τῶν
356 1008 510 1047 ἀρχομένων
525 1008 750 1047 περιτρεπομένην
769 1008 813 1037 καὶ
828 1020 878 1037 κα·

106 1054 243 1083 ταπίπτειν
267 1055 413 1092 μέλλουσαν
439 1054 535 1086 ἰδόντες
558 1054 731 1093 ἀνώρθωσαν,
756 1056 781 1083 ἐν
807 1056 878 1093 αὐτῷ

107 1102 144 1139 τῷ
164 1100 255 1139 χωρίῳ
271 1099 345 1135 δίκην
362 1100 470 1135 ἔδοσαν,
487 1100 538 1128 ὑπὸ
562 1103 607 1128 τοῦ
623 1100 720 1139 Κυρίου
735 1100 879 1137 πληγέντες

106 1146 151 1174 καὶ
164 1146 249 1184 νεκροὶ
262 1145 406 1182 μείναντες.
422 1145 515 1174 Καίτοι
525 1157 555 1183 γε
565 1145 639 1174 οὐδὲν
651 1146 746 1174 ἄτοπον
758 1145 860 1174 ἐποίουν
871 1157 876 1162 ·

107 1191 164 1220 οὐδὲ
179 1191 229 1230 γὰρ
243 1190 383 1230 ἀνέτρεπον
402 1191 448 1226 τὴν
462 1191 587 1226 κιῧωτὸν,
603 1192 660 1219 ἀλλ’
685 1191 878 1229 ἀνατρέπεσθαι

108 1237 253 1275 μέλλουσαν
274 1237 318 1265 καὶ
340 1236 515 1265 καταπίπτειν
538 1237 678 1275 ἀνώρθουν.
692 1236 760 1265 Ἀλλ’
782 1236 824 1265 ἵνα
847 1239 877 1266 ἐκ

107 1284 205 1317 πολλῆς
219 1283 369 1322 περιουσίας
385 1283 469 1321 μάθῃς
483 1284 535 1311 τῶν
551 1283 640 1322 ἱερέων
655 1283 684 1311 τὸ
699 1283 817 1321 ἀξίωμα,
832 1284 877 1312 καὶ

106 1331 162 1361 πῶς
179 1330 207 1357 οὐ
221 1328 294 1365 θέμις
310 1329 352 1357 τὸν
365 1328 573 1367 ὑποτεταγμένον
588 1328 633 1357 καὶ
650 1330 676 1357 ἐν
696 1329 766 1362 τάξει
779 1331 876 1358 λαϊκῶν

104 1374 167 1403 ὄντα
181 1377 288 1403 τοιαῦτα
302 1374 457 1412 ἐπανορθοῦν
468 1397 475 1410 ,
491 1374 641 1403 ἀπέκτεινεν
657 1374 749 1407 αὐτοὺς
761 1376 787 1403 ἐν
804 1375 876 1414 μέσῳ

105 1421 142 1459 τῷ
157 1419 265 1456 πλήθει,
281 1419 340 1452 τοὺς
351 1419 445 1453 ἄλλους
459 1420 560 1453 πάντας
574 1422 604 1449 ἐκ
619 1422 718 1455 πολλῆς
731 1421 817 1459 φοίῶν
830 1423 876 1456 τῆς

106 1465 268 1505 ὑπερὸολῆς,
281 1465 325 1493 καὶ
340 1465 436 1494 πείθων
452 1466 584 1503 μηδέποτε
597 1470 651 1499 τοῖς
669 1468 716 1500 τῆς
735 1467 876 1506 ἱερωσύνης

106 1510 242 1550 προσιέναι
263 1510 373 1543 ἀδύτοις.
392 1512 425 1540 Εἰ
448 1510 498 1550 γὰρ
514 1511 544 1547 δὴ
569 1511 687 1549 μέλλοιεν
710 1511 817 1541 ἕκαστοι
833 1512 876 1541 ἐπὶ

106 1556 234 1595 προφάσει
258 1558 302 1584 τοῦ
327 1556 360 1585 τὰ
382 1558 469 1590 κακῶς
495 1557 619 1596 γινόμενα
648 1558 764 1596 διορθοῦν
785 1559 822 1590 εἷς
846 1558 876 1587 τὸ

105 1604 152 1636 τῆς
172 1601 313 1640 ἱερωσύνης
334 1602 447 1640 εἰσάγειν
468 1602 575 1636 ἑαυτοὺς
591 1603 711 1640 ἀξίωμα,
733 1603 792 1632 οὔτε
807 1603 874 1642 πρό-

105 1659 183 1686 φασις
206 1647 335 1687 ἐπιλείψει
363 1648 524 1687 διορθώσεώς
550 1660 613 1678 ποτε
624 1671 631 1685 ,
661 1648 719 1678 οὔτε
744 1649 876 1689 ἄρχοντα,

105 1692 164 1721 οὔτε
176 1693 320 1732 ἀρχόμενον
338 1694 550 1733 διαγνωσόμεθα,
572 1695 793 1734 ἀναμεμιγμένων
808 1695 875 1724 πάν-

105 1750 156 1767 των
181 1739 311 1774 ἀλλήλοις,
339 1740 393 1768 Καὶ
413 1740 449 1778 μή
472 1740 505 1778 με’
526 1753 565 1773 τις
589 1741 683 1779 νομίσῃ
709 1743 761 1769 τῶν
786 1741 875 1780 ἱερέων

569 1786 632 1822 (διὰ
663 1786 715 1826 γὰρ
750 1787 797 1822 τὴν
831 1791 876 1816 τοῦ

104 1831 173 1859 Θεοῦ
207 1831 298 1870 χάριν,
326 1831 426 1867 πολλὴν
436 1855 443 1868 ,
466 1834 502 1866 ὡς
534 1832 579 1860 καὶ
613 1835 687 1870 ὑμεῖς
720 1833 774 1862 ἴστε
785 1855 792 1867 ,
827 1833 875 1869 τὴν

104 1875 246 1904 ἐπιείκειαν
273 1878 299 1905 ἐν
325 1877 422 1906 ἅπασιν
446 1878 657 1914 ἐπιδείκνυνται,
690 1879 735 1907 καὶ
751 1879 875 1917 οὐδεμίαν

104 1785 289 1823 κατεγνωκότα
327 1789 408 1814 ταῦτα
444 1786 528 1824 λέγειν

104 1921 189 1950 οὐδενί
211 1933 274 1951 ποτε
298 1923 484 1962 παρεσχήκασι
507 1923 626 1960 λαῧήν),
650 1925 709 1952 ἀλλ’
735 1924 778 1953 ἵνα
802 1926 876 1963 ὑμεῖς

105 1966 220 2004 μάθητε,
241 1967 282 1996 δ’τι
305 1970 326 1996 εἷ
349 1969 394 1997 καὶ
417 1969 565 2009 μοχθηροὺς
587 1970 672 2008 εἴχετε
694 1970 809 2009 πατέρας
830 1971 875 1999 καὶ

104 2012 240 2051 φορτικοὺς
249 2014 433 2049 διδασκάλους,
447 2014 503 2044 οὐδὲ
518 2015 598 2047 οὕτως
609 2016 742 2045 ἀκίνδυνον
757 2019 817 2054 ὑμῖν
833 2012 874 2051 ἦν,

105 2057 161 2085 οὐδὲ
182 2058 296 2096 ἀσφαλὲς
322 2060 487 2097 βλασφημεῖν
507 2060 600 2093 αὐτοὺς
623 2060 668 2088 καὶ
689 2061 874 2100 λοιδορεῖσθαι.

104 2103 139 2131 Εἰ
153 2102 203 2143 γὰρ
219 2103 262 2132 ἐπὶ
286 2106 337 2132 τῶν
358 2107 516 2141 σωματικῶν
533 2105 628 2143 γονέων
651 2106 728 2144 σοφός
742 2106 781 2138 τίς
795 2118 875 2145 φησι,

106 2147 161 2176 Κᾶν
175 2148 291 2188 ἀπολίπῃ
302 2149 403 2178 σύνεσιν
413 2170 420 2183 ,
437 2149 594 2187 συγγνώμην
607 2150 651 2189 ἔχε
665 2163 671 2168 ·
686 2150 711 2179 τί
724 2151 775 2190 γὰρ
790 2153 875 2184 αὐτοῖς

105 2193 258 2229 ἀποδώσεις,
280 2194 366 2227 καθὼς
384 2195 457 2224 αὐτοί
469 2208 524 2231 σοις
536 2197 625 2235 πολλῷ
641 2198 739 2234 μᾶλλον
761 2197 804 2225 ἐπὶ
822 2199 873 2226 τῶν

102 2242 287 2278 πνευματικῶν
303 2243 393 2270 τοῦτον
406 2241 582 2279 φυλάττεσθαι
594 2241 646 2280 χρὴ
662 2243 705 2271 τὸν
719 2242 798 2280 νόμον
807 2266 814 2279 ,
830 2243 874 2272 καὶ

103 2285 145 2313 τὸν
161 2286 271 2314 ἑκάστου
288 2286 343 2324 βίον
359 2287 449 2315 ἑαυτὸν
466 2286 575 2316 ἕκαστον
590 2288 805 2326 περιεργάζεσθαι
829 2288 873 2317 καὶ

101 2331 328 2370 πολυπραγμονεῖν
337 2354 344 2367 ,
355 2331 397 2360 ἵνα
415 2332 451 2370 μὴ
468 2332 621 2371 ἀκούσωμεν
633 2335 691 2362 κατ’
712 2333 813 2369 ἐκείνην
825 2334 872 2369 τὴν

102 2376 212 2415 ἡμέραν,
232 2377 396 2416 ‘laroma-clx,
408 2378 434 2406 τί
451 2378 555 2416 βλέπεις
575 2379 605 2407 τὸ
622 2379 720 2418 κάρφος
738 2380 767 2408 τὸ
789 2381 814 2408 ἐν
835 2382 872 2418 τῷ

102 2423 228 2461 ὀφθαλμῷ
242 2425 286 2451 τοῦ
301 2424 413 2462 ἀδελφοῦ
425 2436 487 2459 σου,
502 2424 549 2459 τὴν
563 2424 589 2453 δὲ
604 2426 629 2453 ἐν
642 2427 679 2464 τῷ
695 2427 732 2464 σῷ
745 2426 872 2466 ὀφθαλμῷ

102 2469 130 2496 οὗ
154 2473 288 2500 κατανοεῖς
308 2469 396 2505 &entim
417 2469 470 2498 Καὶ
493 2470 544 2509 γὰρ
568 2472 714 2508 ὑποκριτῶν
739 2471 826 2510 ἔργον,
842 2472 872 2500 τὸ

103 2513 216 2552 δημοσίᾳ
230 2513 277 2551 μὲν
299 2514 343 2543 καὶ
364 2515 468 2544 πάντων
491 2515 610 2555 ὁρώντων
622 2515 669 2548 τὰς
683 2521 774 2556 χεῖρας
788 2519 871 2556 φιλεῖν

103 2559 154 2586 τῶν
173 2559 262 2598 ἱερέων
274 2582 281 2596 ,
295 2560 338 2588 καὶ
357 2561 471 2598 γονάτων
484 2561 627 2598 ἅπτεσθαι,
643 2562 687 2590 καὶ
708 2563 869 2602 παρακαλεῖν

899 596 917 618 1)

896 1153 914 1175 E

884 1585 919 1605 ¹91

893 2158 910 2180 Β

1581 172 1647 207 220

935 227 1054 266 privatos
1069 228 1203 267 principes
1217 228 1251 256 «le
1266 229 1396 265 (lignitate
1410 229 1546 259 deturbari
1572 232 1647 261 vide-

934 274 1031 302 bimus.
1044 274 1192 313 Eapropter
1208 275 1307 303 Paulus
1319 286 1380 303 eum
1396 275 1544 314 principem
1559 288 1649 306 saeer-

935 319 1029 347 ‹lotum
1051 319 1207 348 Judzeoruni
1230 320 1389 348 contumelia
1404 320 1545 355 affecisset,
1563 333 1593 349 :ie
1607 322 1649 350 di-

935 365 1183 394 xisset:I’e1·cutiel
1201 372 1228 394 te
1246 367 1336 402 Deus,
1351 368 1447 405 paries
1459 367 1610 395 dealbate:
1624 375 1650 396 el

935 417 965 439 lu
976 411 1113 449 judicans
1129 422 1173 439 me
1188 412 1290 439 sedes?
1309 419 1449 450 postquam
1467 420 1555 441 antem
1571 424 1652 451 quos-

934 455 996 484 dam
1009 456 1114 485 audivit
1129 467 1156 485 se
1171 457 1343 495 increpantes,
1359 465 1383 486 et
1398 457 1514 486 dieentes
1526 470 1532 486 :
1544 460 1650 487 Ponti-

926 502 1017 541 ficem
1029 503 1086 530 Dei
1096 505 1234 531 conviciis
1244 505 1382 531 incessis?
1394 511 1539 532 monstrare
1551 504 1651 539 volens,

934 555 1063 585 quantum
1078 555 1180 587 oportet
1194 548 1376 577 sacerdotibus
1395 549 1441 577 Dei
1455 550 1582 578 exhibere
1606 550 1653 578 ho-

935 604 1026 621 norem
1047 600 1071 621 et
1088 593 1273 628 reverentiam,
1290 594 1357 632 quid
1379 595 1466 623 dicit?
1482 597 1653 624 Dese-iebant

935 641 1014 678 quad
1025 641 1160 679 pontifex
1176 641 1233 667 Dei
1253 647 1336 670 esset.
1356 641 1496 680 Propterea
1512 648 1536 669 et
1550 641 1652 676 David,

935 696 996 714 cum
1015 686 1127 714 Saiilum
1144 686 1360 725 apprehendisset
1376 687 1655 725 p1·;cva1·icatorc1n‚et

934 731 1078 771 spirantem
1108 732 1302 767 homicidium,
1329 733 1475 770 multisque
1499 733 1584 772 poenis
1610 733 1654 761 di-

935 787 1032 815 gnum:
1045 788 1096 806 non
1110 777 1195 806 solum
1212 778 1269 816 ejus
1283 778 1346 806 vitae
1365 779 1494 817 pepercit,
1509 778 1556 806 sed
1568 789 1654 816 neque

934 829 963 851 ut
977 823 1089 851 verbum
1102 834 1225 863 asperum
1240 824 1266 852 iu
1283 835 1342 852 eum
1355 825 1498 863 jaceretur.
1513 824 1651 858 sustinuit,

933 880 1094 907 cans-'unque
1114 880 1211 908 ponens
1226 870 1305 905 dicit,
1319 871 1451 899 Christus
1464 871 1586 898 Domini
1598 877 1651 898 esc.

934 916 1025 952 Neque
1044 914 1107 943 hinc
1127 915 1226 949 solum,
1241 915 1286 943 sed
1307 922 1332 943 et
1351 915 1460 943 aliunde
1486 915 1577 944 videre
1592 916 1653 944 licet
1681 925 1687 930 ”

934 960 1192 999 copiose,quomodo
1206 960 1344 989 subditum
1359 961 1474 999 procula
1485 961 1653 990 sacerdotum

934 1006 1100 1045 correptione
1111 1006 1201 1034 abesse
1215 1013 1327 1045 oportet.
1342 1007 1409 1034 Nam
1424 1017 1485 1034 cum
1507 1006 1652 1045 aliquando

933 1062 993 1079 arca
1019 1051 1200 1087 reduceretur,
1220 1058 1244 1080 et
1269 1051 1440 1081 subditorum
1464 1052 1549 1091 aliqui
1564 1052 1598 1081 ad
1612 1053 1652 1081 la-

933 1109 1011 1136 psum
1027 1098 1204 1128 declinantem
1219 1098 1338 1128 videntes
1352 1099 1493 1137 erigerent,
1508 1111 1538 1127 eo
1553 1099 1611 1138 ipso
1624 1100 1651 1128 in

933 1143 991 1172 loco
1006 1155 1112 1183 poenam
1133 1144 1274 1181 dederunt,
1294 1152 1319 1173 et
1341 1155 1357 1173 a
1379 1146 1495 1173 Domino
1519 1145 1648 1185 percussi,

933 1190 1030 1217 mortui
1047 1198 1210 1226 manserunt,
1225 1190 1327 1219 tametsi
1343 1190 1410 1219 nihil
1426 1198 1533 1229 agerent
1551 1191 1651 1219 absur-

931 1234 1007 1263 dum.
1024 1236 1082 1264 Non
1097 1236 1167 1264 enim
1180 1236 1378 1272 subvertebant,
1390 1236 1435 1265 scd
1450 1237 1587 1275 lapsuram
1595 1236 1649 1265 eri-

932 1281 1080 1318 gebant.Et
1094 1289 1122 1310 ut
1136 1293 1169 1310 ex
1184 1282 1332 1310 abundanti
1348 1282 1515 1311 sacerdotum
1531 1283 1649 1322 dignita-

931 1333 984 1355 tem
998 1327 1096 1362 discas,
1113 1334 1137 1356 et
1151 1328 1286 1366 quomodo
1300 1339 1350 1356 non
1365 1328 1399 1356 sit
1414 1329 1453 1356 sas
1465 1328 1613 1365 subditum,
1624 1337 1649 1358 et

931 1372 956 1400 in
971 1372 1065 1401 ordine
1076 1373 1207 1402 laicorum
1223 1374 1393 1403 exsistentem
1409 1374 1471 1402 talia
1493 1375 1645 1413 corrigere:

929 1417 990 1446 illos
1021 1418 1048 1446 in
1076 1418 1164 1447 media
1196 1419 1370 1447 multitudine
1399 1419 1510 1457 occidit,
1538 1427 1646 1449 caeteros

929 1474 1019 1492 omnes
1029 1464 1079 1493 hoc
1089 1465 1213 1504 prodigio
1225 1465 1373 1494 admodum
1384 1472 1493 1501 terrens,
1502 1473 1527 1494 et
1539 1477 1647 1505 persua-

929 1510 995 1539 dens
1007 1510 1093 1547 eis‚ne
1101 1511 1135 1540 ad
1146 1511 1228 1551 adyta
1240 1511 1381 1540 sacerdotii
1392 1510 1526 1541 accedant.
1535 1513 1564 1541 Si
1575 1513 1646 1541 enim

929 1557 1027 1595 singuli
1039 1558 1148 1586 obtentu
1161 1558 1230 1586 male
1244 1565 1301 1587 acta
1317 1558 1467 1597 corrigendi
1482 1558 1508 1587 in
1524 1559 1647 1588 sacerdo-

930 1603 960 1632 tii
973 1603 1132 1642 dignitatem
1142 1615 1170 1632 se
1179 1604 1303 1639 inferant,
1318 1615 1465 1642 numquam
1473 1604 1557 1632 deerit
1564 1605 1648 1633 corri-

929 1648 1009 1687 gendi
1023 1649 1136 1685 occasio,
1148 1656 1173 1678 et
1184 1649 1302 1679 confusis
1313 1649 1381 1678 inter
1393 1660 1421 1678 se
1434 1650 1568 1686 omnibus,
1578 1650 1647 1679 inter

929 1695 1076 1735 principem
1094 1703 1120 1724 et
1132 1695 1271 1724 subditum
1285 1707 1337 1725 non
1354 1696 1544 1726 discernemus.
1562 1697 1647 1726 Nemo

930 1740 986 1769 haec
1002 1752 1044 1769 me
1059 1741 1146 1770 dicere
1159 1742 1292 1781 opinetur,
1309 1742 1385 1780 quasi
1399 1742 1433 1770 ad
1444 1744 1592 1772 sacerdotes
1602 1753 1648 1771 ac—

930 1786 1060 1816 cusandos
1070 1790 1136 1826 (per
1150 1788 1200 1816 Dei
1218 1798 1332 1826 namque
1346 1788 1460 1826 gratiam
1470 1788 1495 1817 in
1509 1789 1645 1824 omnibus,

930 1839 959 1860 ut
971 1839 996 1860 et
1010 1843 1057 1861 vos
1069 1833 1153 1868 scitis,
1166 1844 1291 1872 magnam
1302 1834 1430 1862 exhibent
1443 1834 1612 1873 probitatem,
1622 1840 1647 1862 et

930 1878 1029 1906 nemini
1036 1889 1164 1917 umquam
1171 1879 1333 1907 criminandi
1342 1890 1432 1907 ansam
1443 1879 1594 1915 dederunt),
1600 1879 1647 1907 sed

930 1931 959 1952 ut
974 1924 1094 1961 discatis,
1105 1925 1207 1953 etiamsi
1219 1925 1355 1963 improbos
1366 1924 1501 1952 haberetis
1516 1931 1613 1963 patres,
1621 1931 1647 1953 et

930 1969 1054 1998 molestos
1079 1970 1231 2008 magistros,
1258 1980 1343 2007 neque
1367 1970 1405 1998 sic
1427 1969 1464 1998 cis
1487 1970 1647 1999 maledicere

929 2015 1007 2043 vobis
1015 2025 1137 2043 securum
1148 2021 1172 2043 et
1183 2015 1282 2053 absque
1290 2015 1366 2053 gravi
1376 2015 1494 2054 periculo
1505 2016 1567 2044 sore.
1577 2017 1647 2044 Nam

929 2059 951 2087 si
972 2059 1006 2087 de
1031 2060 1215 2098 corporalibus
1240 2061 1397 2099 parentibus
1413 2061 1518 2100 sapiens
1533 2061 1646 2099 quidam

929 2104 994 2132 dicit
1003 2117 1008 2131 :
1018 2106 1048 2134 Si
1061 2115 1147 2133 sensu
1157 2106 1287 2145 deficiat,
1298 2108 1418 2134 veniam
1428 2107 1467 2135 da
1479 2119 1486 2133 :
1499 2107 1565 2145 quid
1575 2107 1646 2135 enim

930 2149 984 2178 illis
998 2150 1086 2185 dabis,
1104 2151 1182 2189 quale
1196 2151 1247 2191 ipsi
1263 2151 1431 2180 tibi?multo
1448 2153 1534 2191 magis
1546 2153 1573 2181 in
1591 2152 1646 2192 spi-

929 2195 1073 2224 ritualibus
1088 2196 1144 2225 liaec
1166 2197 1211 2225 lex
1227 2197 1393 2226 observanda
1408 2211 1413 2226 :
1427 2209 1457 2227 ac
1473 2198 1645 2237 uniuscujus-

929 2252 980 2280 que
993 2242 1114 2270 officium
1128 2249 1177 2278 est,
1186 2249 1214 2271 ut
1228 2253 1303 2271 suam
1314 2243 1397 2282 ipsius
1410 2244 1492 2273 vitam
1503 2244 1646 2282 diligenter

929 2288 1086 2324 consideret,
1098 2295 1123 2317 et
1137 2289 1267 2326 excutiat,
1279 2299 1311 2317 ne
1326 2288 1451 2318 videlieet
1466 2290 1607 2319 audiamus
1617 2290 1644 2319 in

928 2333 973 2362 die
986 2334 1048 2363 illo:
1060 2336 1237 2373 Arpocrica,
1255 2336 1327 2374 quid
1350 2337 1592 2375 videssestucam
1613 2338 1644 2364 in

928 2380 1128 2419 oculo-fratris
1143 2383 1195 2415 tui,
1213 2383 1244 2408 in
1257 2387 1305 2409 tuo
1319 2388 1417 2409 autem
1435 2382 1518 2410 oculo
1534 2383 1644 2410 trabem

928 2436 986 2455 non
1007 2427 1195 2455 consideras?
1220 2426 1328 2455 Etenim
1347 2427 1552 2466 hypocritarum
1577 2437 1645 2466 opus

925 2479 972 2508 est,
983 2472 1092 2511 publice
1102 2471 1212 2511 quidem
1223 2479 1247 2500 et
1258 2473 1384 2501 omnibus
1401 2472 1557 2502 videntibus
1568 2483 1644 2500 oscu-

924 2517 974 2546 lari
986 2528 1080 2546 manus
1089 2518 1265 2553 sacerdotum,
1273 2529 1358 2557 genua
1366 2525 1482 2557 tangere,
1492 2518 1644 2557 supplicare

925 2571 953 2592 ut
963 2575 1010 2603 pro
1021 2574 1048 2594 se
1058 2571 1141 2602 orent,
1151 2571 1176 2593 et
1185 2563 1320 2604 baptismo
1331 2564 1480 2604 indigentes
1489 2563 1525 2593 ad
1535 2563 1642 2593 illorum

1663 373 1713 394 Aa.
1730 374 1800 396 23.3<

1664 465 1698 485 lh.
1712 473 1732 486 v.
1746 466 1769 493 4.

1666 605 1699 625 lh,
1716 612 1736 625 ν.
1750 604 1771 626 5.

1668 878 1803 907 unm-20-

1665 918 1676 938 *A

1667 1010 1800 1039 1.Re5v.6.7.

1657 2120 1796 2143 Eccli.3.15.

1655 2341 1755 2370 Jlatth.7
1771 2341 1793 2363 3.
