1843 2810
104 335 135 356 Ab
151 343 208 357 anno

65 364 120 394 404·

65 396 121 427 407.

71 1603 162 1627 cucuso
175 1611 214 1625 an-

71 1644 100 1657 no
110 1633 163 1664 [304.
173 1635 215 1655 Hic

71 1666 175 1694 Elpidius

71 1702 118 1718 erat
144 1698 213 1725 episc.

71 1728 179 1749 Laodice-

73 1766 123 1780 nus.

223 130 291 165 790
560 131 588 153 S.
616 130 755 154 JOANNJS
782 131 961 155 CHRYSOST.

373 248 486 277 CXIII.
503 248 645 277 Palladio
660 251 799 287 episcopo.

258 333 310 362 Pro
327 344 357 362 eo
377 335 488 373 quidem
504 342 583 370 statu,
606 346 659 373 quo
675 346 716 364 res
738 342 834 364 nostrae
851 342 913 364 sunt
927 358 935 372 ,

179 367 205 388 ’ἃ
219 379 397 409 consolatione
415 381 484 409 nihil
503 391 570 420 opus
591 381 721 409 habemus
735 381 887 419 :siquidem
903 381 938 410 ad

219 425 424 454 consolationem
452 426 528 455 nobis
561 425 669 454 abunde
694 433 733 454 est
759 437 849 455 rerum
877 438 936 465 quae

219 471 386 510 contigerunt
411 479 608 510 argumentum.
631 474 667 500 At
681 483 745 501 vero
765 483 936 502 communem

220 517 399 545 Ecclesiarum
411 524 603 556 tempestatem,
624 528 654 546 ac
667 519 836 557 naufragium
857 519 937 556 illud,

218 562 291 600 quod
300 570 431 591 terrarum
444 563 536 592 orbem
548 563 656 601 invasit,
670 564 745 593 luctu
755 565 936 604 lacrymisque

218 609 406 647 prosequimur
425 621 430 636 :
445 620 546 647 vosque
574 620 665 639 omnes
695 611 876 646 obsecramus,
907 618 936 640 ut

218 655 342 694 precibus
352 655 452 693 juvetis
462 678 469 692 ‚
483 666 535 693 quo
547 655 604 684 haec
614 656 758 685 internecio
769 656 877 686 tandem
888 657 935 685 ali-

217 700 325 738 quando
337 700 497 740 depellatur,
514 708 660 741 cunctaque
673 701 707 730 ad
719 713 852 730 summam
863 709 935 731 tran-

217 746 376 784 quillitatem
391 746 509 775 redeant.
524 747 589 783 Hoc,
601 758 699 785 quaeso,
716 748 800 777 facere
811 759 844 777 ne
854 748 935 777 inter-

217 791 338 820 mittatis*
348 793 416 820 Nam
422 793 515 820 cumin
524 793 628 821 occulto
636 793 807 828 delitescatis,
818 794 935 831 spatium

218 836 321 864 habetis
338 846 399 864 cum
411 843 498 864 mente
510 836 622 864 contrita
636 837 759 876 precibus
774 837 932 867 inhaerendi.

218 883 301 911 Porro
317 882 428 910 minime
442 893 558 921 parvum
579 882 630 911 hoc
645 882 856 912 existimandum
876 891 913 912 est
928 907 935 919 ‚

219 927 346 955 nimirum
361 927 477 965 benigno
495 928 549 956 Deo
562 927 596 956 ad
608 928 687 967 pedes
700 928 829 957 accidere.
845 931 937 965 Quare

219 973 275 1001 sine
287 973 482 1001 intermissione
490 973 547 1002 haec
559 974 652 1002 facite:
666 981 691 1002 et
703 985 784 1012 quam
793 975 937 1014 saepissime

219 1018 336 1055 licuerit,
353 1018 388 1047 ad
403 1029 449 1047 nos
464 1019 554 1047 literas
567 1019 635 1048 date.
652 1020 721 1048 Nam
735 1020 783 1048 etsi
799 1020 879 1059 longo
894 1021 937 1050 iti-

220 1064 291 1092 neris
307 1064 448 1093 intervallo
465 1076 479 1093 a
501 1065 577 1093 vobis
599 1066 693 1094 semoti
711 1066 794 1094 simus
806 1089 813 1102 ,
831 1067 936 1096 nullum

220 1117 306 1138 tamen
319 1110 390 1138 diem
406 1111 644 1150 praetermittimuS,
659 1111 724 1149 quin
736 1122 825 1141 rerum
838 1120 937 1142 vestra-

220 1166 281 1184 rum
297 1166 360 1184 cura
382 1163 533 1195 tangamur,
555 1167 651 1195 eosque
666 1157 712 1195 qui
734 1157 813 1187 istinc
827 1159 938 1187 veniunt

220 1201 320 1235 (etiam
334 1201 355 1230 si
375 1201 403 1230 id
417 1213 477 1231 raro
496 1203 641 1242 contingat)
658 1203 851 1242 interrogemus
865 1227 872 1241 ,
888 1215 937 1233 cu-

220 1247 339 1286 riosique
360 1248 535 1277 sciscitemur.
562 1250 600 1278 Ut
619 1249 702 1287 igitur
715 1250 832 1289 apertius
849 1251 938 1279 omnia

220 1293 346 1331 sciamus,
362 1293 430 1323 lianc
440 1293 526 1330 nobis,
542 1305 603 1323 cum
613 1295 715 1324 occasio
727 1306 753 1323 se
764 1295 866 1330 offeret,
879 1306 939 1334 gra-

220 1339 285 1367 tiam
300 1340 447 1377 concedite,
464 1347 493 1368 ut
505 1340 538 1368 de
550 1348 638 1369 vestra
653 1341 810 1370 valetudine
826 1352 873 1369 nos
887 1352 940 1370 ccr-

221 1385 300 1413 tiores
315 1385 428 1421 faciatis,
445 1396 498 1423 quo
515 1385 577 1414 licet
591 1386 619 1414 in
638 1386 781 1415 solitudine
795 1386 934 1425 degentes,

221 1429 323 1468 ingenti
339 1431 434 1459 solatio
450 1432 611 1460 afficiamur.

949 1088 984 1105 556

382 1522 487 1550 CXIV.
505 1521 623 1560 Elpidio
638 1523 779 1560 episcopo.

268 1600 324 1629 Hoc
335 1611 442 1639 quoque
455 1607 530 1629 tuum
544 1608 593 1639 est,
610 1601 661 1630 hoc
672 1601 812 1641 prudentis
824 1612 855 1631 ac
866 1602 939 1641 vigi-

225 1646 304 1675 lantis
329 1647 446 1676 naucleri
458 1669 465 1683 ,
486 1658 580 1686 nempe
603 1658 634 1676 ne
657 1648 684 1676 in
707 1655 808 1677 tantam
830 1649 940 1687 quidem

225 1692 395 1721 altitudinem
409 1700 562 1731 assurgente
574 1700 728 1732 tempestate
739 1694 859 1723 animum
873 1694 941 1734 deji-

225 1748 294 1774 cere,
310 1748 404 1766 verum
420 1745 569 1767 constanter
581 1738 670 1767 adhuc
684 1739 711 1767 in
726 1750 787 1768 cura
802 1747 827 1769 et
841 1741 940 1770 sollici-

225 1783 317 1812 tudine
325 1783 435 1819 versari,
445 1794 476 1812 ae
488 1794 535 1822 pro
547 1783 620 1812 virili
631 1790 707 1822 parte
718 1785 805 1813 omnia
818 1793 941 1824 praestare

223 1836 304 1867 atque
318 1839 425 1867 quoquo
447 1829 566 1867 gentium
583 1840 630 1868 per
650 1830 740 1858 literas
755 1831 892 1867 cursitare,
910 1841 941 1859 ac

224 1882 282 1903 tum
295 1875 459 1914 propinquos
470 1881 526 1902 tum
541 1881 656 1902 remotos
669 1874 738 1902 inter
749 1885 776 1903 se
789 1875 940 1912 conciliare,

223 1921 355 1957 excitare,
372 1931 466 1948 acuere
477 1942 484 1953 ,
500 1931 716 1958 unumquemque
731 1920 884 1957 admonere,
910 1932 942 1950 ne

223 1967 351 1995 fluctibus
366 1976 396 1994 ac
409 1966 532 2005 procellis
551 1977 579 1994 se
591 1966 678 2004 abripi
689 1967 769 2003 sinat,
784 1978 877 1995 verum
891 1974 941 1996 stet

225 2023 255 2039 ae
271 2012 372 2050 vigilet,
390 2011 493 2039 etiamsi
512 2011 611 2049 alioqui
627 2012 761 2040 innumeri
782 2013 826 2040 alii
844 2013 942 2042 fluctus

225 2057 268 2086 his
279 2057 420 2085 atrociores
431 2057 537 2093 instent,
549 2068 579 2085 ac
588 2057 636 2085 etsi
647 2068 699 2085 uno
711 2058 737 2086 in
745 2058 802 2086 loco
815 2059 942 2098 positum,

225 2114 273 2142 per
294 2103 405 2131 consilia
423 2110 448 2131 ct
466 2103 661 2132 cohortationes
680 2103 779 2142 passim
792 2105 941 2143 pervolare.

226 2148 302 2177 Nihil
313 2148 411 2187 quippe
422 2149 507 2185 nobis,
520 2149 660 2177 licettanto
668 2149 871 2188 spatiodissitis,
883 2151 946 2180 latet

229 2203 321 2221 eorum
335 2204 392 2231 qua:
407 2192 439 2221 ad
460 2200 484 2221 tc
497 2200 624 2232 spectant.
639 2194 702 2223 Idco
716 2195 840 2234 pietatem
858 2203 943 2235 tuam,

226 2277 391 2304 praeterquam
403 2270 565 2296 Theodorum
579 2272 788 2303 mopsuestenum.
801 2275 857 2299 Irno
872 2282 943 2304 vero,
958 2280 987 2298 ut

227 2310 320 2343 optime
336 2310 479 2335 observaxit
490 2310 679 2341 Tillemontius,
695 2314 788 2336 uti-oxis
808 2312 884 2338 modo
908 2313 987 2345 legas,

228 2353 249 2375 ἐν
258 2353 344 2382 Κιλικίᾳ
355 2349 457 2379 scilicet,
468 2355 511 2374 aut
524 2353 546 2374 ἐν
555 2352 644 2383 καρδίᾳ,
655 2349 722 2374 hunc
736 2356 818 2376 tamen
826 2351 988 2376 Theodorum

227 2397 278 2413 esse
290 2390 489 2421 Mopsuestenum
502 2389 606 2413 omnino
618 2387 756 2413 videbitur:
769 2399 826 2414 nam
838 2390 900 2415 duos
909 2390 988 2415 solum

227 2428 376 2453 Theodoros
388 2427 502 2452 norimus
512 2446 519 2458 ,
531 2427 564 2451 ad
574 2434 636 2459 quos
648 2427 701 2452 hoec
713 2428 818 2460 epistola
832 2431 904 2453 missa
916 2430 988 2455 fuisse

228 2469 350 2499 potuerit,
365 2468 562 2499 Mopsuestenum
574 2475 663 2498 nempe
672 2467 696 2490 iu
710 2467 795 2491 Cilicia
804 2486 810 2496 ‚
821 2473 846 2491 et
855 2468 989 2500 Tyaneum

229 2508 253 2531 in
266 2506 435 2539 Cappadocia.
451 2507 514 2531 Cum
529 2506 634 2539 Tyaneo
647 2511 731 2530 autem
744 2505 810 2531 nulla
824 2507 989 2532 nitereessissc

996 132 1014 153 A
1020 131 1137 154 RCHlEP
1144 147 1151 154 .
1181 131 1435 155 CONSTANTlNOP
1442 147 1448 153 .

1181 248 1241 287 ριγ’.
1267 248 1413 287 Παλλαδίῳ
1434 248 1579 287 ἕπισκόπῳ.

1037 331 1120 370 Ὑπὲρ
1137 331 1184 369 μὲν
1205 333 1256 360 τῶν
1274 335 1332 362 καθ’
1352 336 1424 371 ἡμᾶς
1447 332 1538 366 αὖτοὺς
1563 330 1762 368 οὖδὲνδεόμεθα

996 378 1201 416 παρακλήσεως·
1217 379 1292 417 ἀρκεῖ
1313 379 1364 418 γὰρ
1388 382 1451 416 ἡμῖν
1472 379 1506 411 εἷς
1526 377 1693 418 παράκλησιν
1709 377 1760 404 τῶν

994 423 1140 461 γενομένων
1155 425 1171 458 ἦ
1186 424 1313 457 ὑπόθεσις,
1329 426 1483 463 Θρηνοῒῐμεν
1497 424 1523 453 δὲ
1545 423 1589 452 τὸν
1608 422 1692 451 κοινὸν
1709 422 1760 449 τῶν

994 468 1161 504 Ἐκκλησιῶν
1177 471 1295 508 χειμῶνα
1307 492 1314 504 ,
1336 471 1381 498 καὶ
1398 470 1428 499 τὸ
1451 470 1498 505 τὴν
1512 469 1664 507 οἷκουμένην
1679 478 1761 496 κατα-

993 514 1072 543 λαὸὸν
1088 515 1225 553 ναυάγιον,
1241 515 1285 543 καὶ
1299 514 1399 548 πάντας
1415 518 1482 553 ὑμᾶς
1495 515 1699 554 παρακαλοῦμεν
1714 514 1760 540 εὐ-

992 563 1052 598 χαῖς
1067 561 1184 597 βοηθεῖν,
1199 559 1267 588 ὥστε
1282 560 1329 594 τὴν
1342 560 1520 598 πανωλεθρίαν
1540 560 1638 593 ταύτην
1650 557 1760 591 λυθῆναί

993 616 1074 640 ποτε,
1089 605 1134 633 καὶ
1156 607 1191 637 εἷς
1211 605 1305 641 λευκὴν
1329 606 1433 634 ἅπαντα
1455 605 1611 643 μεταὸαλεῖν
1632 603 1757 642 γαλήνην.

994 651 1080 679 Τοῦτο
1103 651 1134 686 δὴ
1147 655 1279 683 ποιοῦντες
1294 650 1329 689 μὴ
1349 651 1496 686 διαλίπητε.
1510 650 1686 681 Λανθάνοντες
1708 648 1758 687 γὰρ

993 696 1037 724 καὶ
1051 696 1238 736 κρυπτόμενοι,
1263 696 1371 729 πλείονα
1389 696 1486 735 σχολὴν
1509 696 1582 735 ἔχετε
1607 697 1650 723 ν’ὗν
1674 705 1758 732 προσ-

992 748 1126 782 καρτερεῖν
1140 748 1196 775 ταῑς
1211 745 1314 782 εὐχαῖς,
1325 743 1369 771 καὶ
1386 742 1452 780 μετὰ
1467 741 1621 779 θλιὸομένης
1635 739 1758 772 διανοίας.

992 790 1032 816 Οὐ
1047 789 1139 828 μικρὸν
1166 789 1192 817 δὲ
1216 793 1308 824 τοῦτο,
1322 791 1359 827 τῷ
1381 787 1556 827 φιλανθρώπῳ
1583 786 1758 826 προσπίπτειν

992 834 1063 873 Θεῷ.
1082 834 1127 870 Μὴ
1148 835 1286 870 διαλίπητε
1307 829 1350 863 οῧν
1364 838 1438 863 τοῦτο
1459 835 1605 869 ποιοῦντες,
1621 832 1667 861 καὶ
1680 832 1758 866 ἡνίκα

993 878 1023 908 ἂν
1035 879 1077 918 ἐξῇ
1086 903 1092 915 ,
1104 880 1148 908 καὶ
1162 880 1274 919 γράφετε
1287 883 1351 917 ἡμῖν
1362 881 1484 918 συνεχῶς.
1500 880 1533 908 Εἰ
1548 878 1599 918 γὰρ
1610 880 1654 906 καὶ
1669 878 1758 916 πολλῷ

993 927 1030 964 τῷ
1051 926 1128 962 μήκει
1142 928 1189 960 τῆς
1203 925 1343 962 ἐμμελείας
1357 927 1428 962 ὑμῶν
1446 924 1649 964 ἀπῳκίσθημεν,
1665 925 1721 952 ἀλλ’
1730 924 1759 950 οὐ

994 970 1131 1008 παυόμεθα
1141 972 1199 999 καθ’
1211 970 1323 1005 ἑκάστην
1336 969 1438 1009 ἡμέραν
1450 972 1627 1008 μεριμνῶντες
1648 969 1681 998 τὰ
1695 968 1758 1006 ὑμέ-

994 1028 1073 1056 τερα,
1090 1016 1135 1044 καὶ
1153 1016 1211 1048 τοὺς
1227 1017 1321 1044 ἐκεῖθεν
1333 1015 1534 1054 ἀφικνουμένους
1548 1016 1589 1050 (εἰ
1604 1014 1649 1043 καὶ
1663 1013 1759 1042 τούτων

996 1061 1134 1094 σπανιάκις
1159 1061 1389 1100 ἐπιτυγχάνομεν)
1403 1062 1551 1099 ἐρωτῶντες
1566 1060 1610 1088 καὶ
1623 1071 1759 1098 περιεργα-

995 1108 1105 1147 ζόμενοι.
1122 1108 1170 1137 Ἵν’
1193 1104 1236 1138 οῧν
1259 1106 1416 1148 σαφέστερον
1441 1107 1528 1136 πάντα
1557 1106 1650 1139 εἰδότες
1676 1100 1762 1143 ὦμεν,

995 1156 1057 1185 ὅταν
1082 1157 1205 1194 ἐγχωρῇ,
1231 1155 1360 1194 παρέχετε
1385 1154 1482 1188 ταύτην
1507 1154 1571 1191 ἡμῖν
1595 1151 1642 1187 τὴν
1670 1151 1761 1190 χάριν,

995 1202 1055 1240 περὶ
1067 1203 1114 1235 τῆς
1128 1201 1226 1239 ὑγιείας
1242 1203 1288 1236 τῆς
1303 1200 1429 1240 ὑμετέρας
1442 1199 1664 1238 εὐαγγελιζόμενοι
1677 1201 1761 1235 ἡμᾶς,

996 1248 1038 1277 ἵνα
1051 1247 1095 1276 καὶ
1110 1248 1136 1276 ἐν
1147 1247 1245 1285 ἐρημίᾳ
1257 1246 1432 1286 διατρίὸοντες
1449 1245 1548 1280 πολλὴν
1560 1244 1761 1284 καρπωσώμεθα

997 1294 1044 1329 τὴν
1063 1293 1240 1333 παράκλησιν.

1200 1516 1256 1556 ριὸ’.
1272 1516 1399 1556 Ἐλπιδίῳ
1414 1518 1558 1556 ἐπισκόπῳ.

1039 1604 1090 1633 Καὶ
1106 1607 1182 1633 τοῦτο
1202 1604 1260 1640 σὸν,
1285 1606 1360 1632 τοῦτο
1381 1604 1503 1642 νήφοντος
1528 1604 1572 1632 καὶ
1594 1604 1763 1643 ἐγρηγορότος

997 1650 1154 1689 κυὸερνήτου
1164 1673 1171 1685 ,
1183 1650 1213 1678 τὸ
1236 1649 1301 1687 μηδὲ
1317 1651 1351 1682 εἷς
1369 1652 1488 1678 τοσοῦτον
1501 1648 1619 1688 ἀρθέντος
1641 1653 1685 1679 τοῦ
1705 1662 1764 1688 χει-

998 1696 1083 1734 μῶνος
1095 1698 1247 1731 ἀναπεσεῖν,
1263 1696 1319 1723 ἀλλ’
1335 1695 1466 1733 ἐπιμένειν
1481 1695 1519 1723 ἔτι
1540 1697 1706 1733 μεριμνῶντα
1720 1695 1764 1724 καὶ

999 1741 1180 1780 φροντίζοντα,
1190 1740 1314 1769 καὶκατὰ
1325 1740 1354 1768 τὸ
1373 1742 1503 1779 ἐγχίωροῖῖν
1520 1740 1553 1768 τὰ
1567 1742 1658 1769 ἑαυτοῦ
1678 1741 1764 1769 πάντα

998 1787 1162 1827 εἰσφέροντα,
1187 1789 1322 1824 πανταχοῦ
1345 1789 1356 1801 ‘³
1366 1785 1408 1813 διὰ
1432 1788 1482 1814 τῶν
1502 1786 1666 1824 γραμμάτιον
1688 1797 1765 1825 περι-

998 1833 1138 1870 τρέχοντα,
1150 1831 1209 1863 τοὺς
1228 1831 1318 1869 ἐγγὺς,
1335 1830 1392 1862 τοὺς
1409 1830 1541 1870 πόρρωθεν
1561 1834 1765 1869 συγκροτοῧντα,

1000 1877 1157 1916 διεγείροντα
1164 1899 1171 1912 ,
1180 1878 1368 1915 παρεγγυῶντα
1381 1876 1480 1913 μηδένα
1491 1877 1528 1914 τῷ
1537 1876 1672 1914 κλυδωνίῳ
1681 1887 1765 1914 παρα-

1000 1924 1124 1962 συρῆναι,
1139 1923 1195 1951 ἀλλ’
1210 1922 1329 1956 ἑστάναι,
1344 1921 1389 1950 καὶ
1399 1920 1501 1960 νήφειν,
1516 1920 1564 1949 κᾶν
1581 1920 1660 1960 μυρία
1667 1920 1764 1950 τούτων

999 1968 1060 2007 ἐπίῃ
1072 1967 1244 2007 χαλεπώτερα
1256 1967 1360 2005 κύματα
1369 1987 1376 2000 ‚
1389 1966 1434 1995 καὶ
1443 1968 1468 1994 ἐν
1480 1966 1517 1994 ἑνὶ
1530 1966 1672 2004 ἱδρυμένων
1684 1966 1767 2005 τόπῳ,

1000 2017 1134 2053 πανταχοῦ
1146 2013 1189 2042 διὰ
1207 2016 1254 2049 τῆς
1272 2012 1450 2052 παραινέσεως
1464 2011 1599 2040 ἵπτασθαι.
1619 2011 1702 2040 Οὗδὲν
1717 2011 1767 2050 γὰρ

999 2062 1069 2098 ἡμᾶς
1090 2060 1166 2088 ἔλαθε
1181 2061 1232 2087 τῶν
1245 2061 1310 2091 σῶν,
1327 2058 1411 2086 καίτοι
1428 2059 1457 2086 ἐκ
1475 2057 1596 2086 τοσούτου
1606 2056 1768 2096 καθημένους

999 2106 1184 2144 διαστήματος.
1201 2105 1249 2134 Διὸ
1268 2104 1312 2133 καὶ
1337 2103 1514 2143 μακαρίζομεν
1533 2103 1577 2131 καὶ
1602 2103 1767 2140 Θαυμάζομέν

998 2163 1044 2180 σου
1058 2151 1106 2186 τὴν
1118 2151 1266 2186 semesum,
1278 2149 1322 2179 καὶ
1338 2149 1384 2184 τὴν
1399 2147 1602 2187 διεγηγερμένην
1616 2149 1714 2188 ψυχὴν,
1724 2148 1768 2176 καὶ

998 2196 1045 2231 τὴν
1062 2196 1252 2236 ἀπερίτρεπτον
1273 2194 1392 2234 γνώμην,
1406 2194 1449 2222 καὶ
1466 2193 1513 2227 τὴν
1528 2195 1554 2222 ἐν
1569 2193 1683 2232 τοσούτῳ
1700 2193 1768 2232 γήρᾳ

1014 2273 1111 2298 videtur
1130 2283 1187 2298 cum
1208 2274 1392 2307 Clu-ysostomo
1403 2272 1558 2297 consuetudo
1575 2271 1768 2301 familiaritasve‚

1014 2322 1070 2338 cum
1089 2315 1263 2345 Mopsuesteno
1282 2318 1364 2337 autem
1377 2321 1391 2336 a
1403 2320 1480 2344 puero
1499 2313 1607 2336 amicitia
1623 2312 1770 2344 conjunctus

1015 2353 1061 2376 fuit
1080 2352 1270 2385 Cliysostomus.
1290 2353 1321 2376 Iu
1340 2351 1386 2375 hae
1404 2359 1481 2383 porro
1497 2351 1600 2382 epistola
1620 2359 1709 2384 magna
1728 2359 1771 2374 ne-

1014 2390 1171 2416 cessitudinis
1199 2390 1424 2422 familiaritatisque
1448 2390 1589 2414 testimonia
1611 2395 1769 2422 comparent..

1013 2430 1072 2454 llaec
1086 2430 1174 2453 iterum
1187 2430 1344 2454 excutientur
1356 2429 1382 2452 in
1394 2429 1450 2452 Vita
1462 2427 1646 2460 Chrysostouii.

1048 2477 1058 2487 ¹¹
1077 2469 1140 2493 Duo.
1155 2469 1210 2493 Mss.
1225 2471 1261 2495 διὰ
1273 2475 1316 2494 τῶν
1329 2472 1479 2500 πραγμάτων.
