1843 2810
73 899 187 918 Pmscnus

44 931 93 949 viu·
132 930 254 951 mla-tum
270 924 366 959 etiam,
387 920 458 959 quod
477 921 565 959 majus
580 918 742 948 censendum
768 924 823 951 est,
850 916 912 954 quia

45 962 131 981 unitates
143 967 187 980 me-

115 990 186 1011 sabula

45 1025 104 1042 sunt.

189 166 260 214 698
518 175 546 197 s.

189 246 282 279 sponte
296 249 343 267 sua
358 237 461 277 dilapsa
478 244 550 266 sunt.
569 237 691 265 Attamen
712 244 811 273 magna
834 233 902 261 mihi

189 285 278 313 adhuc
288 285 314 312 in
325 283 413 313 vietus
425 283 526 311 ratione
541 293 604 311 eura
619 292 686 320 opus
697 287 736 309 est
748 292 755 316 ;
769 290 799 307 ac
811 279 903 318 proin-

190 330 224 359 de
240 340 348 369 operam
359 329 393 357 do
409 335 437 357 ut
449 329 536 357 levem
555 327 687 356 sarcinam
706 325 841 353 stomacho
853 324 904 351 im-
921 339 939 360 D

191 386 308 414 ponam,
330 385 383 412 quo
402 384 460 402 eam
480 373 558 401 facile
575 372 695 410 digerere
720 376 809 408 queat.
832 368 905 397 Illud

191 431 257 449 vero
270 431 323 449 non
339 419 445 457 vulgari
463 417 643 447 sollicitudine
655 426 702 444 nos
717 415 821 451 affecit,
834 414 906 452 quod

192 473 217 494 te
230 473 350 494 extremo
366 465 429 494 vitae
441 463 535 503 spiritu
552 461 698 491 conflictari
717 459 905 488 intelleximus.

193 513 366 550 Quamquam
387 521 434 550 pro
455 509 555 548 ingenti
575 518 633 536 meo
654 518 716 546 erga
732 513 756 535 te
772 516 861 534 amore
877 515 908 533 ac

194 569 283 586 rerum
297 565 403 585 tuarum
425 566 488 584 cura
504 562 529 583 et
549 553 746 588 sollicitudine,
765 558 908 589 antequam

193 604 274 632 etiam
294 603 383 631 literas
404 608 462 629 tuas
483 601 644 640 reciperem,
658 600 709 628 hac
729 609 793 627 cura
807 597 909 626 solutus

195 661 254 678 sum
267 661 272 676 :
284 647 411 688 permulti
425 647 496 675 enim
512 646 591 675 istinc
603 646 638 674 ad
650 656 697 674 nos
708 650 837 672 venerunt
848 665 856 679 ‚
873 649 909 670 te-

194 706 246 733 que
270 693 410 723 commoda
431 692 587 721 valetudine
607 702 661 720 esse
686 689 851 719 nuntiarum.
872 689 910 716 Ac

195 752 265 770 nunc
282 741 409 779 majorem
425 738 451 767 in
467 738 579 767 modum
593 737 669 766 laetor
684 743 709 765 et
721 735 838 774 gaudeo,
858 744 909 762 non

197 794 299 816 tantum
310 785 381 824 quod
393 784 486 813 morbo
500 784 611 813 liberata
621 782 669 819 sis,
683 781 729 810 sed
740 780 910 820 potissimum

196 832 268 870 quod
282 842 311 860 ca
323 854 330 867 ‚
343 842 401 868 quse
414 829 553 865 accidunt,
568 828 635 856 adeo
651 827 754 856 sortiter
763 837 793 854 ac
804 836 911 864 genero-

197 889 224 906 se
240 879 309 906 seras
320 900 327 914 ,
341 876 460 905 subulam
476 875 604 903 nimirum
619 874 675 902 baec
690 872 778 901 omnia
792 882 891 900 vocans
904 882 910 905 3

199 970 278 998 etiam
297 968 415 1007 corporis
430 966 522 994 morbo
542 964 698 1004 hujusmodi
716 973 809 991 nomen
826 962 911 1000 impo-

198 1014 291 1049 suisti,
306 1013 377 1052 quod
390 1011 499 1050 quidem
515 1017 628 1039 strenuae
643 1009 738 1037 animm
750 1015 799 1045 est,
814 1018 845 1035 ae
859 1008 911 1035 sor-

199 1060 323 1088 titudinis
343 1060 430 1087 sructu
454 1056 625 1085 abundantis.
648 1056 717 1084 Nam
733 1053 913 1082 incommodas

199 1113 223 1134 ct
238 1105 362 1133 adversas
378 1115 419 1132 res
432 1113 483 1131 non
498 1101 577 1130 modo
591 1101 652 1130 forti
665 1100 755 1129 animo
767 1100 834 1128 serre
847 1121 854 1134 ‚
868 1098 914 1127 sed

198 1162 231 1179 nt·
250 1150 357 1188 quidem
373 1160 433 1177 cum
449 1148 546 1177 adsunt
569 1146 730 1186 persentire,
752 1155 845 1174 verum
871 1155 914 1173 eas

198 1208 246 1236 pro
257 1196 342 1224 nihilo
353 1202 447 1234 putare
456 1217 464 1231 ‚
481 1204 511 1221 ac
528 1192 648 1232 perfacili
662 1191 767 1229 negotio
779 1190 914 1230 patientia:

198 1252 322 1270 eoronam
333 1240 446 1280 adipisci
460 1262 467 1274 ,
481 1250 533 1268 non
550 1238 714 1266 laborantem
726 1259 733 1273 ‚
745 1246 797 1264 non
812 1235 912 1264 sudan-

198 1295 266 1323 tem,
286 1297 337 1315 non
356 1285 462 1324 negotia
476 1285 634 1319 habentem,
653 1293 700 1311 nec
712 1282 772 1310 aliis
785 1281 914 1310 fiscessen-

198 1340 268 1369 tem,
281 1343 376 1361 verum
390 1339 528 1369 tamquam
541 1329 707 1358 exsilientem
720 1338 750 1356 ac
763 1326 914 1366 tripudian-

198 1377 432 1415 ten1,l1ocde1uum
446 1375 644 1415 perfectissimae
661 1384 692 1402 ac
700 1373 817 1401 numeris
828 1372 914 1401 omni-

198 1424 248 1451 bus
261 1423 389 1451 absotutae
402 1420 580 1461 pbilosophiae
591 1425 779 1457 argumentum
791 1425 837 1446 est.
850 1417 913 1446 Ideo

200 1468 303 1507 gaudeo
320 1475 344 1496 ct
359 1467 464 1496 exsulto
474 1489 481 1501 ,
491 1476 521 1494 ac
535 1476 589 1504 pra>
601 1465 737 1503 voluptate
749 1463 832 1492 volito
843 1484 850 1498 ‚
866 1473 913 1491 nec

198 1514 336 1554 praesentis
347 1512 500 1541 solitudinis
513 1518 719 1548 caeterarumque
733 1519 913 1538 :erumnarum

200 1570 278 1588 sensu
287 1559 400 1593 afficior,
413 1557 460 1586 sed
472 1558 546 1585 laetor
559 1566 590 1584 ac
602 1556 739 1594 voluptate
754 1554 909 1593 perfundor,

200 1605 287 1642 deque
297 1611 341 1633 tua
361 1603 443 1632 animi
459 1601 645 1641 magnitudine
659 1601 810 1638 crebrisque
822 1601 911 1628 victo-

200 1650 247 1679 riis
259 1650 430 1679 vehementer
444 1648 554 1687 glorior,
570 1658 620 1675 non
632 1654 675 1675 tua
690 1646 849 1680 dumtaxat,
867 1646 912 1674 sed

199 1696 280 1724 ctiam
293 1706 395 1733 magna?
416 1694 488 1722 illius
505 1704 534 1721 ac
555 1692 778 1721 numerosissimae
795 1691 912 1719 civitatis

200 1751 289 1777 causa,
303 1740 345 1769 cui
367 1740 446 1768 etiam
461 1739 544 1767 turris
563 1746 587 1766 et
606 1745 698 1777 portus
719 1748 749 1765 ac
764 1737 834 1765 muri
854 1737 911 1765 loco

200 1786 326 1814 exstitisti
339 1807 346 1820 ‚
361 1785 522 1813 luculentam
537 1794 583 1822 per
597 1793 638 1811 res
654 1783 724 1821 ipsas
735 1793 826 1811 vocem
836 1782 913 1810 emit-

201 1838 266 1867 tens,
282 1838 360 1868 atque
375 1830 401 1858 in
417 1829 470 1858 tuis
490 1828 689 1857 calamitatibus
704 1834 848 1864 utrumque
861 1827 913 1854 bo-

201 1877 304 1905 minum
317 1886 400 1914 geuus
412 1874 538 1904 erudiens
548 1896 555 1909 ‚
571 1880 598 1901 ut
611 1873 646 1902 ad
663 1872 820 1911 hujusmodi
832 1879 914 1900 certa-

201 1922 272 1950 mina
285 1928 408 1961 prompte
422 1927 502 1958 atque
515 1919 628 1958 impigre
642 1929 696 1946 sese
710 1918 868 1955 accingant,
884 1927 914 1946 ac

201 1979 262 1996 cum
281 1967 352 1995 omni
371 1966 454 1994 animi
471 1965 627 1993 fortitudine
639 1964 665 1992 in
681 1974 788 1991 arenam
804 1963 912 1991 descen-

201 2013 265 2041 dant
280 2035 286 2048 ‚
304 2012 479 2049 collectosque
493 2021 527 2038 ex
546 2009 701 2048 hujusmodi
724 2008 914 2037 certaminibus

201 2058 309 2086 sudores
320 2057 397 2085 facile
407 2057 499 2084 ferant.
516 2055 648 2093 Quodque
663 2054 785 2083 mirabile
796 2061 849 2091 est,
862 2064 912 2084 non

201 2104 228 2132 in
246 2105 331 2131 forum
350 2110 374 2131 te
394 2103 529 2141 injiciens,
545 2112 592 2130 nec
607 2101 633 2128 in
646 2100 760 2129 mediam
778 2099 913 2128 civitatem

200 2159 352 2187 progressa,
375 2148 421 2176 sed
444 2147 470 2175 in
491 2147 589 2185 exiguo
608 2146 730 2174 cubiculo
750 2156 780 2173 ac
794 2145 912 2173 thalamo

200 2194 292 2223 sedens
306 2216 313 2230 ,
334 2194 365 2221 iis
384 2193 429 2231 qui
451 2192 546 2221 adsunt
568 2192 687 2220 animum
709 2190 801 2225 addis,
818 2201 913 2229 eosque

199 2240 235 2268 ad
246 2246 377 2268 certamen
392 2238 480 2273 acuis,
498 2238 618 2275 marique
633 2237 668 2265 ita
681 2237 784 2265 furente
793 2259 801 2273 ‚
816 2247 845 2264 ac
858 2237 909 2264 ssu—

199 2286 286 2314 ctibus
300 2284 365 2312 adeo
381 2283 616 2311 intumescentibus
632 2305 638 2317 ,
653 2282 822 2321 scopulisque
833 2289 857 2310 et
872 2282 911 2310 la-

199 2331 315 2359 tentibus
325 2329 374 2357 sub
388 2328 457 2356 unda
472 2328 544 2356 saxis
558 2335 583 2355 et
598 2328 679 2366 petris
689 2350 696 2361 ,
710 2338 741 2355 ac
753 2327 910 2356 truculentis

198 2376 294 2405 belluis
310 2374 427 2412 undique
442 2383 496 2401 sese
511 2372 710 2401 ostendentibus
723 2395 729 2406 ‚
745 2379 824 2409 atque
838 2373 909 2400 altis-

196 2421 263 2449 sima
274 2427 349 2448 nocte
357 2425 449 2447 cuncta
462 2424 616 2456 occupante,
625 2423 666 2452 ῑιι,
676 2417 749 2445 velut
760 2417 908 2445 meridiano

194 2472 218 2493 ct
249 2463 394 2501 tranquillo
415 2469 531 2501 tempore
544 2483 552 2494 ‚
579 2467 710 2497 ventoque
735 2459 769 2488 ad
790 2459 905 2499 puppim
926 2466 943 2488 C

226 2545 237 2563 l*
256 2542 301 2567 A-ll
317 2545 351 2567 ὖιά
365 2547 388 2568 τὸ
403 2544 488 2575 σρὸῖρα
502 2546 613 2575 (fifty-¹123*
626 2545 675 2563 Cle.

922 1312 957 1330 ssi

932 1340 950 1361 A
967 1336 1195 1373 καλλωπιζόμενος
1211 1336 1254 1364 ἐπὶ
1276 1337 1307 1372 τῇ
1332 1337 1364 1374 σῇ
1392 1334 1605 1374 μεγαλοφροσύνῃ
1620 1333 1664 1362 καὶ
1677 1337 1734 1365 ταῖς

575 174 714 197 ,ΙΟᾹΝΝΙΞ
741 171 920 195 cur-YSOST.
952 170 1106 194 Ancuttzt'.
1135 172 1403 195 CONSTANTINOP-

955 232 1023 261 Ἀλλ’
1043 231 1113 270 ὅμως
1126 232 1138 248 ¹³
1149 233 1190 262 διὰ
1206 234 1236 263 τὸ
1259 234 1375 272 στέργειν
1390 233 1488 272 σφόδρα
1507 232 1551 261 καὶ
1581 236 1723 271 μεριμνᾷν,

957 285 1001 313 καὶ
1021 286 1163 324 φροντίζειν
1177 287 1209 315 τὰ
1226 287 1272 323 σὰ,
1290 288 1333 316 καὶ
1355 287 1405 326 πρὸ
1426 289 1477 315 τῶν
1496 285 1659 326 γραμμάτων
1678 286 1725 319 τῆς

957 338 1108 376 τιμιότητος
1122 352 1166 368 σου
1176 362 1183 375 ,
1204 340 1299 376 ταύτης
1315 339 1505 377 ἀπηλλάγημεν
1520 340 1566 373 τ’ἧς
1580 336 1708 376 μερίμνης
1718 359 1724 371 ,

959 391 1062 419 πολλῶν
1076 393 1172 420 ἐκεῖθεν
1188 392 1313 420 ἐλθόντων
1327 393 1372 421 καὶ
1387 391 1603 430 ἀπαγγειλάντων
1617 389 1650 418 τὰ
1664 388 1725 426 περὶ

959 445 1006 478 τ’ἧς
1019 443 1118 482 ὑγιείας
1133 447 1179 479 τῆς
1198 446 1254 479 σ’ῆς.
1275 445 1326 473 Καὶ
1340 447 1383 473 νῦν
1398 445 1485 484 χαίρω
1507 444 1606 483 σφόδρα
1627 442 1671 470 καὶ
1685 442 1728 469 εὗ-

960 496 1116 535 φραίνομαι,
1130 499 1178 535 οὐχ
1187 496 1226 525 ὅτι
1241 499 1286 531 τῆς
1304 497 1450 536 ἀρρωστίας
1465 496 1620 534 ἀπηλλάγης
1640 494 1728 533 μόνον,

962 542 1028 570 ἀλλὰ
1041 543 1091 581 πρὸ
1103 544 1215 580 πάντων,
1230 544 1270 573 ὅτι
1287 545 1353 573 οὕτω
1367 545 1489 583 γενναίως
1504 545 1589 583 φέρεις
1603 543 1636 572 τὰ
1656 555 1727 580 συμ-

961 595 1105 631 πίπτοντα,
1122 599 1200 633 μῧθον
1215 597 1319 626 ἅπαντα
1342 600 1425 625 ταῦτα
1444 598 1575 625 καλοῦσα·
1587 595 1631 624 καὶ
1650 594 1679 623 τὸ
1696 594 1728 628 δὴ

963 649 1061 685 μεῖζον,
1088 649 1127 677 ὅτι
1151 650 1196 678 καὶ
1218 652 1250 689 τῇ
1274 653 1318 679 τοῦ
1335 650 1456 688 σώματος
1480 648 1612 690 ἀρρωστία
1632 648 1729 682 ταύτην

961 701 1118 741 περιέθηκας
1132 702 1180 737 τὴν
1195 703 1381 743 προσηγορίαν,
1397 702 1410 731 ὃ
1428 703 1515 741 ψυχῆς
1537 703 1592 730 ἐστι
1611 702 1730 734 νεανικῆς

962 756 1007 783 καὶ
1019 756 1108 794 πολλῷ
1124 757 1161 794 τῷ
1174 756 1221 789 τῆς
1243 755 1347 795 ἀνδρίας
1365 754 1492 795 βρυούσης
1510 755 1613 793 καρπῷ.
1626 752 1665 781 Τὸ
1679 751 1730 791 γὰρ

965 807 1000 844 μὴ
1024 808 1100 845 μόνον
1123 807 1208 847 φέρειν
1230 808 1353 846 γενναίως
1375 807 1408 836 τὰ
1428 808 1556 846 δυσχερῆ,
1572 805 1639 835 ἀλλὰ
1663 805 1730 843 μηδὲ

964 860 1098 900 παρόντων
1110 862 1193 889 αὐτῶν
1205 861 1385 896 αἰσθάνεσθαι,
1398 862 1454 890 ἀλλ’
1465 864 1593 900 ὗπερορᾷν
1604 859 1649 888 καὶ
1665 858 1730 896 μετὰ

964 915 1062 948 πολλῆς
1076 915 1122 947 τῆς
1137 913 1342 954 ἀπραγμοσύνης
1356 913 1399 942 τὸν
1414 916 1460 948 τῆς
1476 915 1607 950 ὑπομονῆς
1629 911 1730 945 ἀναδή-

965 968 1059 993 σασθαι
1076 966 1209 1005 στέφανον,
1221 968 1248 995 οὐ
1264 967 1424 1004 κάμνουσαν,
1445 965 1502 995 οὐδὲ
1527 966 1655 1004 ἱδροῧσαν,
1674 963 1731 993 οὐδὲ

965 1018 1110 1057 πράγματα
1130 1018 1250 1058 ἔχουσαν,
1276 1018 1333 1047 οὐδὲ
1355 1018 1450 1057 ἑτέροις
1474 1017 1652 1056 παρέχουσαν,
1673 1017 1731 1045 ἀλλ’

965 1071 1053 1109 ὥσπερ
1070 1074 1218 1111 σκιρτῶσαν
1233 1071 1278 1100 καὶ
1297 1070 1463 1110 χορεύουσαν,
1475 1073 1551 1099 τοῦτο
1564 1072 1610 1104 τῆς
1627 1069 1733 1108 ἀκριὸε-

965 1123 1062 1158 enit-qq
1073 1124 1223 1163 φιλοσοφίας
1241 1124 1310 1153 ἐστὶν
1326 1123 1463 1156 ἀπόδειξις.
1478 1123 1528 1151 Διὰ
1544 1125 1626 1150 ταῦτα
1647 1121 1733 1161 χαίρω

965 1175 1010 1203 καὶ
1025 1178 1137 1214 σκιρτῶ,
1153 1176 1268 1214 πέτομαι
1291 1176 1340 1205 ὑπὸ
1360 1179 1406 1211 τῆς
1421 1177 1529 1212 ἡδονῆς,
1546 1177 1592 1204 οὐκ
1608 1175 1732 1204 αἰσθάνο-

967 1240 1015 1266 μαι
1029 1231 1075 1263 τῆς
1089 1229 1223 1269 παρούσης
1245 1229 1369 1269 ἐρημίας,
1385 1229 1442 1258 οὐδὲ
1464 1230 1516 1258 τῶν
1537 1230 1634 1257 λοιπῶν
1657 1239 1734 1266 περι-

967 1282 1095 1318 στάσεων,
1107 1282 1302 1321 εὐφραινόμενος
1318 1283 1363 1312 καὶ
1385 1283 1556 1321 γαννύμενος,
1572 1280 1615 1310 καὶ
1635 1281 1734 1321 σφόδρα

968 1388 1124 1422 ἐπαλλήλοις
1139 1387 1236 1423 νίκαις,
1251 1389 1278 1416 οὐ
1293 1387 1334 1415 διὰ
1347 1387 1374 1416 σὲ
1387 1387 1473 1425 μόνον,
1487 1388 1553 1416 ἀλλὰ
1571 1387 1615 1415 καὶ
1629 1386 1672 1415 διὰ
1687 1386 1734 1422 τὴν

967 1441 1083 1479 μεγάλην
1099 1441 1142 1469 καὶ
1158 1440 1361 1478 πολυάνθρωπον
1373 1439 1448 1468 πόλιν
1460 1436 1598 1478 {miv-rpus}
1613 1440 1657 1468 καὶ
1674 1440 1735 1468 ἀντὶ

965 1493 1064 1533 πύργου
1080 1494 1124 1522 καὶ
1132 1493 1236 1531 λιμένος
1245 1493 1352 1532 γέγονας
1367 1493 1411 1520 καὶ
1425 1493 1540 1532 τείχους,
1550 1493 1675 1531 λαμπρὰν
1687 1493 1735 1528 τὴν

967 1546 1008 1574 διὰ
1021 1548 1072 1574 τῶν
1087 1546 1251 1585 πραγμάτων
1265 1549 1370 1585 ἀφιεῖσα
1392 1546 1488 1586 φωνὴν,
1503 1546 1548 1575 καὶ
1569 1546 1691 1585 ἑκάτερον
1704 1545 1735 1574 τὸ

966 1599 1037 1638 γένος
1057 1601 1082 1628 ἐν
1103 1603 1155 1633 τοῖς
1179 1599 1319 1638 παθήμασί
1340 1611 1385 1628 σου
1405 1598 1577 1633 παιδεύουσα,
1599 1597 1643 1626 καὶ
1665 1599 1735 1627 ἀπο-

967 1653 1071 1681 δύεσθαι
1086 1652 1178 1691 ῥαδίως
1192 1653 1256 1692 πρὸς
1272 1652 1401 1684 τοιούτους
1416 1653 1533 1690 ἀγῶνας,
1548 1652 1591 1680 καὶ
1608 1650 1735 1680 καταὸαί-

966 1717 1017 1733 νειν
1032 1707 1068 1738 εἷς
1092 1705 1126 1733 τὰ
1146 1706 1292 1743 σκάμματα
1316 1705 1381 1742 μετὰ
1403 1705 1522 1743 ἀνδρείας
1549 1704 1666 1739 ἁπάσης,
1689 1703 1735 1732 καὶ

966 1757 1051 1797 φέρειν
1061 1758 1171 1790 εὐκόλως
1186 1758 1242 1790 τοὺς
1257 1759 1286 1786 ἐκ
1298 1760 1349 1785 τῶν
1360 1757 1482 1785 τοιούτων
1495 1755 1601 1795 ἀγώνων
1613 1756 1733 1795 ἱδρῶτας.

968 1810 1020 1838 Καὶ
1034 1810 1063 1838 τὸ
1073 1809 1103 1844 δὴ
1119 1810 1277 1847 θαυμαστὸν,
1288 1809 1327 1838 ὅτι
1343 1811 1387 1838 οὐκ
1402 1810 1437 1841 εἷς
1448 1809 1544 1849 ἀγορὰν
1553 1808 1735 1846 ἕμὸάλλουσα,

967 1864 1024 1892 οὐδὲ
1038 1864 1071 1891 τὰ
1096 1864 1164 1901 μέσα
1178 1865 1223 1898 τῆς
1240 1862 1340 1894 πόλεως
1359 1861 1614 1899 καταλαμὸάνουσα,
1630 1863 1688 1890 ἀλλ’
1708 1863 1734 1890 ἐν

969 1915 1076 1955 οἰκίσκῳ
1093 1917 1185 1955 βραχεῖ
1197 1915 1241 1943 καὶ
1253 1915 1363 1953 θαλάμῳ
1374 1915 1508 1952 καθημένη
1518 1938 1525 1951 ,
1534 1920 1632 1954 νευροῖς
1643 1936 1650 1950 ,
1665 1915 1737 1944 ἀλεί-

968 1979 1023 2006 φεις
1039 1967 1098 1999 τοὺς
1111 1969 1242 2001 ἑστῶτας,
1256 1966 1300 1994 καὶ
1314 1967 1360 2000 τῆς
1374 1965 1503 2001 θαλάττης
1519 1966 1586 1995 οὕτω
1606 1968 1734 2005 μαινομέ-

966 2032 1026 2055 νης,
1040 2020 1084 2048 καὶ
1096 2022 1147 2048 τῶν
1163 2018 1286 2057 κυμάτων
1301 2017 1368 2047 οὕτω
1381 2019 1588 2058 κορυφουμένων,
1600 2020 1735 2050 σκοπέλων

966 2080 995 2096 τε
1016 2068 1060 2096 καὶ
1079 2068 1192 2107 ὑφάλων,
1208 2066 1252 2094 καὶ
1273 2066 1417 2102 σπιλάδων,
1434 2067 1477 2095 καὶ
1499 2067 1594 2106 θηρίων
1609 2068 1735 2097 πάντοθεν

967 2116 1064 2155 ἀγρίων
1079 2115 1301 2155 ἀναφαινομένων,
1312 2115 1358 2142 καὶ
1377 2115 1467 2147 νυκτὸς
1487 2116 1634 2153 βαθυτάτης
1648 2117 1735 2145 πάντα

966 2165 1139 2204 κατεχούσης,
1161 2164 1250 2203 ὥσπερ
1273 2165 1298 2192 ἓν
1325 2162 1477 2202 μεσημὸρίᾳ
1502 2162 1546 2191 καὶ
1568 2163 1668 2202 γαλήνῃ
1691 2164 1734 2192 καὶ

966 2214 1034 2243 κατὰ
1051 2213 1172 2252 πρύμναν
1187 2216 1230 2241 τοῦ
1250 2211 1396 2250 πνεύματος
1411 2210 1564 2249 ἱσταμένου,
1577 2211 1658 2244 οὕτως
1670 2213 1732 2239 ἀνα-

965 2265 1103 2294 πετάσασα
1115 2265 1161 2298 τῆς
1174 2264 1305 2301 ὑπομονῆς
1319 2262 1352 2291 τὰ
1364 2262 1448 2297 ἱστία,
1462 2261 1527 2299 μετὰ
1539 2262 1636 2295 πολλῆς
1649 2261 1735 2294 πλέεις

965 2315 1011 2348 τ’ῆς
1031 2312 1165 2347 εὐκολίας,
1186 2313 1213 2340 οὔ
1239 2310 1314 2349 μόνον
1335 2311 1363 2338 οὐ
1385 2308 1592 2346 κλυδωνιζομένη
1616 2308 1667 2336 ὑπὸ
1689 2312 1734 2337 τοῦ

964 2363 1081 2400 χαλεποῦ
1102 2360 1192 2389 τούτου
1210 2360 1352 2398 χειμῶνος,
1375 2358 1432 2385 ἀλλ’
1456 2356 1512 2385 οὐδὲ
1532 2357 1730 2395 περιῤῥαντιζο-

965 2409 1029 2446 μένη
1040 2421 1045 2426 ·
1058 2408 1102 2437 καὶ
1117 2408 1188 2447 μάλα
1204 2419 1233 2445 γε
1248 2406 1352 2438 εἰκότως
1363 2417 1368 2423 ·
1385 2408 1493 2434 τοιαῦτα
1507 2405 1557 2445 γὰρ
1572 2407 1618 2440 τῆς
1638 2405 1732 2443 ἀρετῆς

963 2459 995 2488 τὰ
1010 2459 1135 2494 πηδάλια.
1153 2457 1204 2486 Καὶ
1225 2457 1334 2494 ἔμποροι
1354 2456 1414 2493 μὲν,
1434 2456 1478 2484 καὶ
1493 2455 1664 2493 κυὸερνῆται,
1686 2454 1731 2482 καὶ
