1843 2810
100 1233 239 1261 Lnr·.!7.l2.

100 1962 154 1982 Luc.
172 1961 206 1983 16.

258 159 328 195 612
586 173 615 197 s.

258 236 304 257 aut
320 230 430 258 alteram
444 230 551 270 plagam
571 232 700 262 inflictam
717 233 743 261 in
760 233 897 261 hastarum
913 244 973 262 mu-

257 285 350 304 crones
373 275 479 305 irruunt
493 277 683 315 vehementius,
696 278 830 317 graviores
843 278 895 306 sibi
914 279 974 317 pla-

257 331 304 359 gas
326 321 463 360 infligunt,
489 329 514 350 et
539 323 604 362 ipsis
626 323 775 352 visceribus
797 323 852 351 suis
875 323 973 352 vulnus

256 366 415 405 excipiunt;
437 367 554 405 itemque
575 368 682 404 fluctus,
705 367 751 405 qui
774 368 887 406 rupibus
912 368 973 396 alli-

255 410 366 448 duntur,
393 413 486 451 majori
507 413 607 451 seipsos
632 412 733 451 impetu
762 412 915 441 dissolvunt
942 424 973 442 ac

255 455 406 495 dissipant:
425 458 462 486 sic
478 458 605 485 nimirum
619 464 644 485 et
660 457 703 485 isti
718 457 783 485 dum
799 458 970 496 insidiantur,

255 501 307 529 sibi
322 502 411 540 'potius
425 513 505 540 quam
518 503 619 530 caeteris
633 503 715 531 fossas
729 509 753 531 et
767 503 892 531 barathra
908 504 973 532 effo-

255 546 342 576 diunt.
358 549 426 576 Nam
440 548 479 576 illi
496 548 613 586 quidem,
625 548 724 585 quibus
736 548 840 576 insidiae
852 549 971 577 tendun-

255 599 310 629 tur,
324 593 358 621 ab
375 594 407 621 iis
419 600 552 631 amantur,
569 593 723 630 laudantur,
742 594 971 631 commendantur,

255 637 444 676 praedicantur,
461 649 555 667 corona
565 638 710 675 donantur,
719 639 766 677 qui
776 650 819 668 eos
830 647 971 677 noverunt,

256 684 302 720 qui
318 695 368 712 non
382 691 521 719 noverunt,
532 685 578 722 qui
592 696 619 713 re
632 685 699 724 ipsa,
712 685 757 723 qui
770 686 825 714 sola
838 686 916 714 fama:
931 697 972 714 re-

254 729 351 757 latione
375 729 483 757 illorum
504 730 621 758 didicere
639 741 680 759 res
703 738 799 769 gestas,
819 731 971 760 innumeros

255 774 352 802 liabent
363 775 409 812 qui
424 774 576 810 condolent,
590 775 636 813 qui
650 775 675 804 in
690 776 881 804 certaminibus
893 776 971 815 adju-

253 825 326 855 vant,
348 819 393 857 qui
419 831 544 859 prospera
560 820 612 848 illis
634 828 777 860 precantur
799 832 907 849 omnes:
929 822 970 850 illi

253 871 342 892 autem
363 864 409 902 qui
438 866 551 894 tendunt
574 866 696 901 insidias,
719 866 781 895 odio
802 867 934 895 habentur
955 878 969 895 a

252 916 307 937 tam
322 910 426 947 multis,
440 917 487 938 eta
500 911 584 939 multo
597 911 720 950 pluribus
732 918 900 948 accusantur,
912 922 969 940 car-

253 962 367 993 puntur,
393 956 634 994 reprehenduntur,
650 957 797 995 ignominia
827 964 968 993 notantur,

252 1000 320 1029 diris
348 1001 494 1029 innumeris
519 1001 685 1030 devoventur
700 1014 708 1039 3
739 1002 807 1030 nihil
837 1002 971 1041 plerisque

252 1046 399 1084 optabilius
421 1053 470 1083 est,
490 1058 571 1084 quam
586 1054 614 1075 ut
630 1058 672 1076 eos
686 1047 770 1086 poenis
788 1048 896 1076 videant
907 1059 970 1087 sup-

252 1091 395 1129 pliciisque
409 1092 561 1120 mulctatos.
580 1095 667 1130 Atque
683 1093 740 1120 haec
757 1093 865 1131 quidem
881 1093 905 1120 in
921 1093 971 1121 hac

252 1136 323 1165 vita:
343 1147 402 1174 quae
424 1148 487 1166 vcro
512 1137 539 1165 in
562 1138 651 1165 sutura
673 1144 735 1165 sunt
758 1144 893 1174 eventura,
911 1138 970 1176 quis

253 1181 358 1209 tandem
380 1183 477 1220 poterit
499 1183 617 1211 oratione
640 1183 884 1221 complecti?Nam
907 1183 929 1211 si
949 1183 971 1211 is

252 1227 298 1265 qni
315 1238 399 1255 unum
414 1227 644 1264 scandalizaverit,
660 1234 733 1256 tanto
748 1227 882 1266 supplicio
899 1227 971 1257 mul-

251 1279 347 1309 ctatur,
363 1279 391 1301 ut
406 1273 532 1312 expediat
551 1273 575 1301 ei
592 1273 691 1301 molam
707 1273 851 1301 asinariam
871 1273 897 1301 in
914 1273 971 1312 ejus

250 1318 318 1346 collo
340 1319 476 1358 suspendi,
493 1326 517 1347 ct
541 1319 567 1347 in
587 1330 659 1347 mare
681 1318 821 1357 demergi:
839 1318 972 1358 perpende

250 1375 330 1401 quam
347 1375 442 1402 graves
456 1364 496 1392 illi
512 1364 600 1392 daturi
619 1365 672 1392 sint
686 1374 787 1402 poenas7
802 1364 829 1391 in
849 1364 896 1392 illo
913 1371 971 1392 tum

248 1409 353 1447 judicio
376 1409 523 1445 tremendo,
541 1409 646 1447 quantis
667 1408 808 1448 suppliciis
826 1408 970 1448 plectendi,

251 1454 307 1491 qui,
329 1461 460 1491 quantum
477 1454 504 1482 in
525 1454 590 1492 ipsis
610 1453 720 1491 quidem
739 1453 798 1490 fuit,
815 1454 971 1481 universum

251 1499 394 1527 turbarunt
415 1499 507 1527 orbem
524 1506 667 1533 terrarum,
688 1505 742 1527 tam
762 1499 860 1527 multas
878 1499 970 1527 Eccle-

249 1545 301 1572 sias
324 1551 485 1581 everterunt,
503 1551 527 1573 et
552 1544 698 1572 innumeris
720 1544 820 1582 ubique
837 1544 971 1573 scandalis

249 1590 373 1618 excitatis
389 1597 489 1618 tantam
505 1601 596 1629 pacem
607 1590 813 1618 disturbarunt?
826 1592 858 1618 At
871 1590 910 1618 illi
923 1591 969 1628 qui

250 1641 288 1663 tot
304 1635 409 1674 injuriis
428 1635 462 1663 ab
478 1635 530 1663 illis
546 1635 634 1663 asserti
651 1642 721 1671 sunt,
740 1635 817 1664 bonis
832 1636 967 1674 operibus,

252 1680 430 1719 passionibus,
446 1680 560 1715 coronis,
578 1681 706 1719 praemiis,
721 1691 783 1709 cum
798 1681 881 1708 multa
897 1681 969 1709 fidu-

252 1726 292 1753 cia
309 1726 479 1764 refulgentes,
494 1737 555 1754 cum
568 1726 743 1765 martyribus,
760 1737 820 1754 cum
833 1727 968 1765 apostolis,

250 1781 312 1799 cum
327 1771 460 1809 generosis
475 1778 499 1799 et
511 1771 672 1799 sublimibus
685 1772 739 1800 illis
752 1771 817 1799 viris
827 1772 966 1800 sistentur.

251 1819 289 1844 Ac
305 1817 396 1855 puniri
419 1817 478 1845 illos
502 1816 610 1854 quidem
632 1816 773 1853 videbunt,
797 1817 857 1845 illos
881 1824 968 1845 tamen

251 1862 391 1901 suppliciis
411 1873 462 1890 non
484 1868 607 1901 poterunt
630 1862 754 1899 liberare,
776 1862 823 1890 sed
843 1863 968 1900 quamvis

252 1918 342 1946 preces
363 1908 476 1936 offerant
501 1908 555 1944 isti,
585 1907 653 1935 nihil
683 1907 743 1935 illos
768 1908 915 1947 juvabunt.
939 1908 968 1937 Si

251 1953 321 1981 enim
339 1954 359 1981 is
372 1954 417 1991 qui
431 1955 561 1982 Lazarum
578 1964 661 1981 unum
674 1953 846 1992 praeterierat,
859 1960 897 1982 tot
908 1964 968 1993 Ροε-

252 2009 297 2026 nas
319 1999 456 2033 sustinuit,
477 2010 561 2037 neque
581 1999 708 2027 solatium
731 1999 818 2027 ullum
839 1999 966 2037 obtinuit,

251 2044 316 2081 quid
329 2044 372 2072 isti
383 2045 526 2083 patientur,
539 2045 585 2082 qui
597 2051 651 2072 tam
665 2045 764 2073 multos
778 2045 967 2084 persequutio-

251 2090 330 2117 nibus
341 2096 365 2117 et
376 2090 509 2117 scandalis
520 2089 774 2118 offenderuntfflaec
786 2090 869 2128 igitur
879 2090 967 2118 omnia

251 2145 312 2162 cum
329 2135 426 2163 animis
451 2135 546 2164 vestris
570 2142 733 2174 reputantes,
752 2142 777 2163 et
793 2146 968 2174 quaecumque

250 2180 292 2207 his
312 2179 410 2207 similia
435 2187 495 2208 sunt
517 2191 550 2208 ex
574 2180 656 2208 sacris
681 2180 778 2208 Literis
801 2181 966 2219 colligentes,

250 2225 327 2253 vobis
339 2225 402 2263 ipsis
416 2232 500 2253 tutam
514 2225 699 2262 munitionem,
715 2233 740 2253 et
755 2226 808 2254 illis
823 2226 869 2264 qui
883 2226 967 2255 imbe-

249 2270 366 2298 cilliores
376 2269 464 2297 adhuc
478 2277 549 2305 sunt,
564 2270 756 2298 medicamenta
769 2281 803 2299 ex
818 2271 862 2299 his
875 2281 968 2300 narra-

249 2315 366 2343 tionibus
378 2321 571 2354 comparantes,
588 2315 657 2342 firmi
672 2321 738 2343 state
752 2322 830 2353 atque
844 2315 967 2345 immobi-

250 2361 297 2396 les,
315 2367 340 2388 ct
358 2360 427 2388 bona
442 2359 518 2388 vobis
540 2359 653 2398 reposita
676 2367 833 2398 exspectate.
850 2361 968 2390 Omnino

250 2406 332 2442 enim,
346 2405 454 2433 omnino
470 2415 568 2433 merces
583 2403 661 2432 vobis
677 2405 826 2443 parabitur,
842 2415 892 2433 non
905 2417 964 2444 qum

249 2451 385 2479 laboribus
401 2457 502 2478 tantum
516 2449 550 2478 sit
565 2449 683 2487 aequalis,
698 2449 743 2477 sed
756 2450 896 2487 immensa,
910 2462 968 2489 quae

249 2497 327 2534 longo
343 2496 402 2524 illos
418 2502 522 2534 superet
541 2495 692 2523 intervallo.
719 2494 794 2522 Talis
810 2495 912 2535 quippe
936 2497 968 2525 bc

248 2542 342 2580 nignus
357 2549 394 2571 cst
405 2542 491 2570 Deus:
508 2552 560 2579 prae
574 2540 654 2569 nimia
667 2551 711 2569 sua
727 2540 886 2570 liberalitate
896 2542 966 2580 illos,

643 173 781 197 JOANNIS
812 174 991 199 CHRYSOST.
1021 176 1176 200 ARCfflEP.
1206 177 1473 203 CONSTANTINOP-

1029 247 1075 274 ραν
1094 237 1197 277 πληγὴν
1214 239 1391 278 σφοδροτέροις
1407 239 1583 268 ἐπιπίπτοντα
1603 246 1659 274 ταῖς
1681 243 1790 281 αἰχμαῖς

1027 289 1078 315 τῶν
1104 289 1228 328 δοράτων,
1249 290 1437 329 χαλεπωτέραν
1463 291 1521 319 καθ’
1540 292 1638 319 ἑαυτῶν
1660 292 1721 321 ὠθεῖ
1742 293 1789 328 τὴν

1026 338 1140 376 πληγὴν,
1154 339 1187 367 τὰ
1206 340 1345 378 τραύματα
1368 342 1404 372 εἷς
1424 340 1489 369 αὐτὰ
1509 340 1542 368 τὰ
1559 341 1698 380 σπλάγχνα
1715 342 1790 381 δεχό-

1027 397 1105 423 μενα’
1129 386 1174 414 καὶ
1195 387 1229 416 τὰ
1248 387 1354 425 κύματα
1372 393 1430 421 ταῖς
1453 388 1561 428 πέτραις
1582 390 1738 428 ῥηγνύμενα,
1756 392 1789 428 τῇ

1025 435 1185 475 σφοδροτέρα
1206 436 1274 476 ῥύμῃ
1292 437 1371 466 ἑαυτὰ
1388 438 1505 477 ἀφανίζει
1526 439 1570 467 καὶ
1587 439 1701 467 finalium·
1722 439 1790 469 οὕτω

1025 484 1056 519 δὴ
1072 485 1116 514 καὶ
1132 482 1203 515 οῦτοι
1224 487 1256 514 δι’
1278 482 1313 515 ὧν
1330 488 1550 524 ἐπιδουλεύουσιν,
1571 490 1671 521 ἑαυτοῖς
1691 490 1790 527 μᾶλλον

1024 534 1041 569 ἢ
1057 535 1153 574 ἑτέροις
1166 536 1199 564 τὰ
1217 536 1336 577 βάραθρα
1351 538 1538 576 ἀνορύττουσιν.
1554 541 1589 568 Οἱ
1606 539 1652 577 μὲν
1667 539 1717 579 γὰρ
1729 541 1789 568 ἐπι-

1025 586 1206 624 ὅουλευόμενοι
1220 586 1268 621 τὴν
1282 587 1434 624 οἰκουμένην
1450 588 1560 627 ἐραστὰς
1578 589 1693 628 ἔχουσιν,
1712 591 1789 617 ἐπαι-

1023 635 1112 670 νέτας,
1139 636 1307 674 θαυμαστὰς,
1332 638 1571 677 ἀνακηρύττοντας,
1592 643 1790 679 στεφανοῦντας,

1023 685 1081 718 τοὺς
1100 685 1213 721 εἰδότας,
1234 686 1294 719 τοὺς
1310 687 1355 715 οὐκ
1371 687 1484 723 εἰδότας,
1505 688 1564 721 τοὺς
1587 689 1638 717 ἀπὸ
1653 691 1704 718 τῶν
1721 701 1802 728 πρα-’

1023 734 1140 773 γμάτων,
1155 735 1213 768 τοὺς
1233 736 1285 764 ἀπὸ
1301 739 1348 771 τ’ῆς
1362 736 1452 775 φήμης
1472 737 1506 765 τὰ
1526 738 1631 766 ἐκείνων
1649 739 1790 776 μανθάνον-

1023 796 1083 820 τας,
1095 784 1153 817 τοὺς
1168 786 1357 824 συναλγοῦντας
1371 786 1477 826 μυρίους
1487 808 1494 821 ,
1510 788 1569 820 τοὺς
1584 788 1790 825 συναγωνιζομέ-

1022 845 1092 867 νους,
1108 834 1167 867 τοὺς
1180 836 1213 863 τὰ
1228 836 1333 875 χρηστὰ
1347 837 1550 875 συνευχομένους
1570 838 1657 870 αὐτοῖς
1676 838 1789 870 πάντας·

1021 884 1044 911 οἱ
1065 884 1091 912 δὲ
1111 885 1319 918 ἑπιὸουλεύοντες
1338 885 1395 918 τοὺς
1415 889 1555 923 μισοῦντας
1577 886 1714 920 τοσούτους
1746 889 1790 916 καὶ

989 935 1007 957 C
1022 934 1112 973 πολλῷ
1135 934 1252 970 πλείους,
1273 935 1331 967 τοὺς
1356 936 1533 975 κατηγόρους,
1555 936 1613 969 τοὺς
1637 937 1790 965 διαῧάλλον-

1022 995 1085 1016 τας,
1109 984 1167 1017 τοὺς
1190 984 1344 1024 ἐλέγχοντας
1355 1007 1362 1020 ,
1388 985 1446 1018 τοὺς
1469 986 1708 1024 καταισχύνοντας,
1730 986 1790 1019 τοὺς

1023 1034 1206 1072 ἐπαρωμένους
1224 1034 1319 1073 μυρία,
1336 1034 1393 1067 τοὺς
1407 1036 1596 1073 ἐπιθυμοῦντας
1618 1035 1708 1067 αὐτοὺς
1728 1036 1789 1064 ἰδεῖν

1024 1085 1049 1112 ἐν
1070 1083 1176 1112 κολάσει
1191 1084 1235 1112 καὶ
1248 1084 1371 1125 τιμωρίᾳ.
1383 1085 1435 1114 Καὶ
1454 1089 1536 1114 ταῦτα
1552 1084 1598 1123 μὲν
1614 1086 1736 1113 ἐνταῦθα·
1758 1085 1790 1113 τὰ

1024 1134 1049 1162 δὲ
1062 1135 1114 1162 ἐκεῖ
1125 1139 1197 1166 ποῖος
1211 1135 1376 1174 παραστήσει
1390 1135 1482 1174 λόγος;
1497 1137 1528 1164 Ei
1539 1135 1590 1174 γὰρ
1602 1135 1647 1163 ἕνα
1659 1147 1697 1168 τις
1712 1147 1791 1164 σκαν-

1024 1183 1131 1216 δαλίσας
1150 1183 1264 1222 τοσαύτῃ
1288 1184 1393 1213 κολάσει
1414 1185 1613 1224 κατακρίνεται,
1634 1187 1669 1217 ὡς
1692 1186 1791 1224 συμφέ-

1025 1245 1076 1272 ρειν
1098 1232 1177 1270 μόλον
1189 1235 1368 1273 κρεμασθῆναι
1381 1235 1424 1263 ἐπὶ
1437 1235 1480 1263 τὸν
1492 1235 1623 1274 τράχηλον
1639 1237 1731 1271 αὐτοῦ,
1746 1236 1791 1264 καὶ

1023 1285 1262 1318 καταποντισθῆναι
1276 1285 1313 1316 εἷς
1333 1284 1381 1319 τὴν
1398 1285 1530 1314 θάλασσαν
1542 1297 1547 1303 ·
1570 1285 1690 1319 ἐννόησον
1708 1286 1791 1319 πόσας

1024 1333 1150 1363 δώσουσιν
1170 1329 1240 1362 οὗτοι
1258 1334 1330 1366 δίκας
1343 1336 1368 1363 ἐν
1380 1337 1417 1374 τῷ
1433 1335 1535 1375 φοὸερῷ
1555 1336 1717 1375 δικαστηρίῳ
1732 1337 1790 1366 τότε

1023 1383 1113 1422 ἐκείνῳ
1125 1405 1131 1418 ,
1147 1383 1229 1416 πόσας
1243 1384 1435 1419 ὑποστήσονται
1448 1386 1591 1424 τιμωρίας,
1607 1386 1637 1414 τό
1647 1398 1676 1425 γε
1691 1388 1727 1419 εἷς
1742 1388 1786 1416 αὖ·

1022 1433 1079 1466 τοὺς
1103 1430 1176 1470 ἧκον,
1199 1434 1246 1469 τὴν
1267 1435 1419 1474 οἰκουμένην
1440 1435 1597 1475 ταράξαντες
1613 1437 1728 1472 ἅπασαν,
1748 1449 1790 1466 το-

988 1489 1007 1511 D
1023 1484 1119 1517 σαῦτας
1139 1485 1329 1524 ἀνατρέψαντες
1343 1485 1518 1522 Ἔκκλησίας,
1538 1486 1651 1524 τοσαύτῃ
1669 1488 1788 1526 πολεμή-

1023 1547 1114 1567 σαντες
1137 1536 1244 1575 εἰρήνῃ,
1268 1535 1347 1575 μυρία
1370 1538 1506 1574 πανταχοῦ
1529 1537 1663 1565 σκάνδαλα
1690 1537 1789 1574 θέντες;

1023 1589 1046 1615 οἱ
1071 1585 1098 1615 δὲ
1122 1588 1185 1624 παρ’
1209 1586 1313 1614 ἐκείνων
1337 1586 1477 1621 παθόντες,
1501 1585 1567 1625 ἅπερ
1590 1585 1694 1622 ἔπαθον,
1721 1586 1788 1624 μετὰ

1022 1639 1073 1666 τῶν
1100 1636 1253 1674 μαρτύρων,
1280 1635 1346 1673 μετὰ
1371 1638 1422 1664 τῶν
1449 1636 1616 1673 ἀποστόλων,
1645 1636 1712 1674 μετὰ
1738 1639 1790 1665 τῶν

1021 1686 1146 1725 γενναίων
1170 1685 1215 1714 καὶ
1237 1686 1343 1724 ὑψηλῶν
1369 1687 1470 1724 ἀνδρῶν
1489 1686 1646 1727 στήσονται,
1670 1686 1790 1724 λάμπον-

1021 1747 1063 1768 τες
1091 1736 1143 1763 ἀπὸ
1164 1736 1215 1763 τῶν
1239 1735 1459 1773 κατορθωμάτων,
1481 1736 1533 1764 ἀπὸ
1555 1739 1606 1764 τῶν
1626 1739 1727 1773 παθῶν,
1739 1739 1791 1767 ἀπὸ

1021 1786 1073 1812 τῶν
1099 1783 1242 1822 στεφάνων,
1266 1785 1319 1813 ἀπὸ
1343 1785 1393 1811 τῶν
1420 1784 1559 1823 βραξείων,
1584 1786 1636 1814 ἀπὸ
1658 1789 1704 1821 τ’ἧς
1726 1789 1791 1816 πολ·

1022 1837 1069 1871 λῆς
1090 1835 1250 1875 παρρησίας.
1277 1835 1329 1863 Καὶ
1354 1835 1461 1874 ὄψονται
1486 1835 1532 1873 μὲν
1558 1836 1649 1869 αὐτοὺς
1678 1839 1790 1871 κολαζο-

1024 1885 1130 1923 μένους,
1143 1885 1289 1923 ἐξαρπάσαι
1304 1885 1329 1914 δὲ
1341 1908 1349 1921 ,
1365 1885 1412 1914 κᾶν
1429 1886 1551 1925 μυριάκις
1568 1887 1730 1924 βουληθῶσι,
1743 1890 1791 1922 τῆς

1023 1935 1154 1967 κολάσεως
1176 1936 1203 1963 οὐ
1226 1935 1394 1969 δυνήσονται’
1410 1934 1478 1963 ἀλλὰ
1500 1935 1607 1970 θήσουσι
1632 1935 1678 1973 μὲν
1703 1938 1790 1970 ἱκετη-

1025 1986 1080 2025 ρίαν
1096 1981 1182 2021 οῧτοι,
1198 1984 1269 2012 οὐδὲν
1285 1984 1311 2013 δὲ
1326 1984 1473 2019 ὀνήσουσιν.
1489 1986 1522 2013 Εἰ
1535 1985 1585 2025 γὰρ
1600 1987 1612 2013 ὁ
1627 1985 1728 2020 πένητα
1744 1985 1790 2014 ἕνα

1022 2034 1202 2075 παραδραμὼν
1217 2034 1259 2063 τὸν
1277 2034 1396 2073 Λάζαρον
1411 2034 1540 2070 τοσαύτην
1562 2034 1685 2073 ὑπέμεινε
1706 2035 1790 2072 δίκην,

987 2093 1005 2116 Ε
1021 2085 1066 2113 καὶ
1078 2085 1198 2122 οὐδεμιᾶς
1218 2084 1293 2122 ἔτυχε
1307 2084 1473 2122 παραμυθίας
1484 2107 1491 2119 ,
1507 2084 1533 2112 τί
1547 2084 1681 2113 πείσονται
1700 2081 1769 2114 οὗτοι
1781 2107 1790 2120 ,

1021 2133 1155 2166 τοσούτους
1177 2133 1315 2166 διώξαντες
1329 2133 1373 2161 καὶ
1395 2133 1629 2169 σκανδαλίσαντες;
1645 2135 1729 2162 Ταῦτ’
1745 2130 1789 2164 οὖν

1022 2185 1125 2213 ἅπαντα
1148 2183 1326 2222 λογιζόμενοι,
1348 2183 1393 2211 καὶ
1417 2183 1466 2212 ὅσα
1486 2182 1586 2215 τούτοις
1610 2184 1712 2212 ἐοικότα
1737 2185 1791 2213 ἀπὸ

1021 2236 1073 2263 τῶν
1095 2233 1169 2262 θείων
1191 2233 1359 2272 συλλέγοντες
1373 2233 1495 2272 Γραφῶν,
1511 2234 1612 2264 ἑαυτοῖς
1636 2233 1683 2271 μὲν
1704 2238 1791 2273 τεῖχος

1024 2284 1151 2324 ἀσφαλὲς,
1170 2288 1222 2316 τοῖς
1243 2282 1269 2312 δὲ
1291 2282 1481 2321 ἀσθενεστέροις
1501 2282 1538 2310 ἔτι
1560 2282 1687 2322 φάρμακα
1708 2288 1790 2313 ταῦτα

1022 2333 1258 2367 κατασκευάζοντες
1282 2331 1315 2360 τὰ
1345 2331 1512 2369 διηγήματα,
1539 2331 1651 2365 στήκετε
1673 2333 1789 2372 ἑδραῖοι,

1022 2384 1067 2412 καὶ
1084 2382 1286 2421 ἀμετακίνητοι,
1301 2380 1335 2408 τὰ
1355 2379 1514 2417 ὑποκείμενα
1533 2382 1594 2417 ὑμῖν
1615 2381 1701 2420 ἀγαθὰ
1725 2384 1789 2410 ἀνα·

1024 2433 1150 2472 μένοντες.
1166 2431 1276 2463 Πάντως
1288 2429 1348 2469 γὰρ,
1359 2430 1464 2462 πάντως
1475 2429 1591 2458 κείσεται
1603 2433 1663 2468 ὑμῖν
1676 2431 1788 2469 ἀμοιῧὴ,

1023 2490 1051 2516 οὐ
1076 2489 1127 2515 τῶν
1149 2485 1234 2514 πόνων
1258 2484 1316 2519 ἴση,
1341 2484 1397 2512 ἀλλ’
1417 2485 1446 2512 ἐκ
1464 2485 1561 2512 πολλοῦ
1585 2488 1630 2513 τοῦ
1654 2485 1786 2524 περιόντος

1024 2543 1128 2581 ἄφατος.
1155 2543 1276 2573 Τοιοῦτος
1301 2540 1351 2578 γὰρ
1375 2542 1388 2568 ὁ
1411 2540 1589 2578 φιλάνθρωπος
1615 2540 1696 2572 Θεός’
1721 2540 1788 2578 μετὰ
