1840 2839
756 179 932 200 151115'1'0143.

77 241 127 268 Ἳῧν
142 242 191 279 γάρ
206 241 261 268 ἔστι
275 241 390 280 χαλεπὸν
404 240 520 279 ἁμαρτία
534 241 619 278 μόνον.
637 240 681 272 Ὡς
694 241 725 268 τά
738 253 766 277 γε
779 242 845 268 ἄλλα

77 286 163 313 πάντα
179 286 352 325 ἀγρυπνοῦντί
367 297 407 315 σοι
422 287 465 314 καὶ
478 286 584 324 νήφοντι
605 285 648 313 καὶ
664 286 761 324 κερδῶν
778 286 843 314 ὑπό-

77 333 144 363 θεσις
159 331 232 359 ἔσται
245 330 354 369 μεγίστη
363 354 370 367 ,
390 331 434 359 καὶ
447 330 480 359 τὰ
491 330 628 369 ἀπόρρητα
644 332 729 359 ἐκεῖνα
744 331 844 368 ἀγαθὰ,

76 376 108 404 τὰ
124 377 150 404 ἐν
166 381 218 409 τοῖς
233 378 361 416 οὐρανοῖς,
379 376 445 414 μετὰ
459 377 557 410 πολλῆς
574 376 638 404 οἴσει
651 388 691 405 σοι
708 378 753 410 τῆς
766 377 845 415 δαψι-

76 421 156 454 λείας.
177 422 308 456 Τοιαύτην
332 422 416 451 τοίνυν
437 424 495 450 καθ’
521 422 634 460 ἑκάστην
655 422 755 461 ἡμέραν
777 434 844 461 πρα-

76 467 270 505 γματευόμενος
284 468 479 507 πραγματείαν,
495 471 572 507 χαῖρε
584 468 628 496 καὶ
639 468 784 507 εὐφραίνου,
801 467 844 496 καὶ

77 515 190 552 συνεχῶς
212 516 273 551 ἡμῖν
295 513 456 542 ἐπιστέλλειν
478 514 514 551 μὴ
536 513 665 543 κατόκνει.
684 514 777 551 Ἡμεῖς
798 514 844 551 μὲν

77 558 127 597 γάρ
141 570 169 587 σε
184 559 331 597 βουλόμεθα
345 559 390 587 καὶ
406 561 461 596 μεθ’
479 560 554 596 ἡμῶν
579 555 657 587 εἶναι·
675 560 732 587 ἀλλ’
753 559 843 593 ἐπειδὴ

78 605 153 643 οὖχὴ
168 608 213 633 τοῦ
227 607 356 644 χειμῶνος
372 605 428 643 ὥρα
448 605 534 643 μόνον,
552 605 619 634 ἀλλὰ
634 605 678 633 καὶ
700 607 715 639 ἠ
737 608 782 633 τοῦ
804 605 844 632 θέ-

79 662 135 688 ρους
150 651 245 688 ὁμοίως
257 651 326 679 ἐστὶν
341 651 475 689 ἐπαχθὴς,
492 650 626 687 ἐδείσαμεν
651 652 686 682 εἰς
709 651 790 688 ἀέρων
816 662 845 678 σε

78 696 235 734 δυσκρασίαν
255 696 389 733 ἐμὸαλεῖν,
405 696 519 734 μάλιστα
539 695 580 723 διὰ
594 696 624 724 τὸ
638 697 689 723 τῶν
705 697 843 734 ὀφθαλμῶν

78 741 166 772 πάθος.
182 741 279 780 Ἔργον
294 742 377 770 τοίνυν
397 741 571 778 ποιησάμενος
586 740 615 768 τὸ
632 741 731 776 πολλὴν
745 740 845 773 τούτοις

78 787 218 825 προσάγειν
240 787 287 821 τὴν
312 786 471 824 ἐπιμέλειαν,
494 786 538 814 καὶ
562 785 621 825 περὶ
639 785 748 822 τούτων,
767 786 845 820 ἡνίκα

79 831 108 858 ἂν
121 833 235 870 συνεχῶς
250 834 313 869 ἡμῖν
329 831 484 870 ἐπιστέλλῃς
495 853 502 866 ‚
515 831 607 866 δήλου,
627 831 678 869 εἴγε
690 831 738 860 κᾶν
753 831 844 870 μικρὸν

78 877 183 912 ἄμεινόν
195 888 234 905 σοι
249 878 399 912 διατεθεῖεν,
412 876 454 904 ἵνα
468 876 512 904 καὶ
525 878 554 904 ἐκ
568 876 690 905 τοσούτου
703 877 846 915 καθήμενοι

78 922 269 960 διαστήματος,
281 922 380 958 πολλὴν
396 922 439 951 καὶ
455 924 570 951 ἐντεῦθεν
581 922 783 960 καρπωσώμεθα
798 923 845 958 τὴν

77 968 244 1007 εὐφροσύνην.

175 1312 180 1322 1
212 1312 218 1320 s

140 1324 171 1350 ργ
183 1336 188 1340 .
216 1312 378 1352 Αμπρούκλῃ
396 1313 507 1351 διακόνῳ
523 1313 566 1341 καὶ
583 1317 637 1345 ταῖς
651 1313 696 1342 σὺν
712 1315 787 1351 αὐτῇ.

120 1460 224 1499 Μακρῷ
238 1459 283 1498 μὲν
295 1460 437 1499 διῴκισμαι
448 1463 486 1501 τῷ
504 1462 583 1500 μήκει
594 1463 640 1497 τῆς
653 1464 711 1492 ὁδοῦ
722 1464 769 1498 τῆς
780 1466 844 1502 ὑμε-

79 1503 156 1543 τέρας
169 1505 319 1542 τιμιότητος
329 1528 336 1542 ,
351 1505 396 1539 τὰς
411 1506 438 1535 δὲ
455 1507 628 1546 ἀνδραγαθίας
644 1511 716 1546 ὑμῶν
736 1509 782 1538 καὶ
800 1510 846 1543 τὰς

80 1549 212 1587 ἀριστείας
237 1553 288 1579 τῶν
313 1551 449 1590 παρόντων
468 1554 514 1581 οὐκ
539 1553 645 1582 ἔλαττον
669 1554 776 1593 ἔμαθον,
801 1555 846 1584 καὶ

80 1594 179 1635 σφόδρα
198 1596 327 1632 συνήσθην
346 1600 405 1635 ὑμῖν
422 1599 469 1632 τῆς
484 1599 617 1638 ἀνδρείας,
632 1601 678 1634 τῆς
697 1602 845 1639 ὑπομονῆς,

79 1641 126 1674 τῆς
140 1641 329 1681 ἀπεριτρέπτου
343 1641 464 1681 γνώμης,
481 1644 525 1672 καὶ
541 1647 649 1684 στεῤῥᾶς
663 1645 708 1674 καὶ
723 1646 846 1684 ἀδαμαν-

80 1685 151 1721 τίνης
164 1687 295 1724 διανοίας,
306 1689 352 1722 τῆς
365 1689 595 1729 ἐλευθεροστομίας
605 1712 613 1726 ,
627 1692 673 1725 τῆς
687 1691 846 1731 παρρησίας.

80 1732 131 1760 Διὰ
142 1735 224 1760 ταῦτα
238 1733 388 1772 μακαρίζων
408 1737 475 1772 ὑμᾶς
487 1736 516 1763 οὗ
530 1735 649 1774 παύομαι
670 1737 736 1776 ὑπέρ
750 1749 778 1766 τε
794 1740 847 1766 τῶν

78 1777 225 1815 παρόντων,
244 1777 310 1817 ὑπέρ
330 1790 359 1807 τε
379 1782 432 1809 τῶν
456 1780 604 1815 μελλόντων
629 1783 697 1819 ὑμᾶς
719 1782 846 1816 ὑποδέξα-

80 1824 140 1850 σθαι
160 1823 263 1861 ἀγαθῶν
285 1825 310 1852 ἐν
326 1827 363 1864 τῷ
379 1825 500 1863 με’λλοντι
515 1828 590 1854 αἰῶνι
600 1849 607 1863 ,
622 1830 674 1856 τῶν
692 1828 846 1868 ἀπορρήτων

79 1867 194 1904 ἐκείνων,
218 1869 263 1897 καὶ
282 1870 370 1899 πάντα
383 1874 442 1899 νοῦν
462 1871 506 1900 καὶ
527 1872 603 1910 λόγον
627 1874 846 1912 ὖπερὸαινόντων.

82 1913 188 1952 Σφόδρα
210 1914 237 1942 δὲ
257 1917 328 1951 ἡμᾶς
344 1915 478 1950 ἐλύπησας
493 1918 523 1945 ἐκ
541 1917 662 1946 τοσούτου
686 1919 849 1956 καθημένους
867 1926 886 1947 Α

81 1958 258 1995 διαστήματος
266 1981 274 1994 ,
283 1959 340 1988 οὐδὲ
353 1961 499 1989 ἐπιστεῖλαι
509 1962 717 2000 καταδεξαμένη.
730 1964 782 1992 Καὶ
792 1960 850 2002 οἶδα

83 2003 130 2040 μὲν
141 2003 181 2031 ὅτι
192 2005 239 2032 οὐκ
252 2006 281 2032 ἐκ
296 2005 423 2043 ῥᾳθυμίας
434 2009 510 2034 τοῦτο
522 2007 634 2045 γέγονεν’
647 2008 849 2048 ἐπίσταμαιγὰρ

83 2048 127 2077 καὶ
143 2049 292 2088 γραφούσης
313 2053 385 2088 ἡμῖν,
401 2051 445 2079 καὶ
467 2051 599 2090 σιγώσης,
614 2053 661 2088 τὴν
684 2053 781 2093 θερμὴν
805 2056 850 2084 καὶ

84 2094 193 2132 γνησίαν
204 2095 320 2134 ἀγάπην,
331 2096 377 2131 τὴν
399 2097 524 2135 εἰλικρινῆ
541 2098 585 2126 καὶ
599 2098 700 2135 ἄδολον,
713 2099 761 2134 τὴν
776 2102 850 2140 ἰσχυ-

86 2139 131 2179 ρὰν
157 2140 201 2168 καὶ
224 2140 347 2179 στεῤῥάν·
375 2142 444 2170 ἀλλὰ
469 2142 512 2171 διὰ
535 2143 564 2171 τὸ
587 2144 687 2182 μηδένα
712 2141 779 2173 εἶναι
807 2145 850 2174 τὸν

84 2186 278 2225 ὑπογράφοντα.
294 2186 370 2221 Πλὴν
385 2186 453 2215 ἀλλὰ
467 2187 512 2216 καὶ
526 2189 607 2222 οὕτως
619 2191 700 2228 ἐχρῆν
714 2192 746 2228 τῇ
762 2192 850 2230 ε’γχω-

86 2230 133 2270 ρίῳ
147 2243 192 2260 σου
206 2231 311 2270 γλώττῃ
336 2234 400 2270 ἡμῖν
419 2235 581 2270 ἐπιστεῖλαι,
600 2234 645 2263 καὶ
667 2238 699 2274 τῇ
723 2236 794 2274 χειρὶ
817 2239 850 2275 τῇ

84 2278 128 2314 σῇ.
159 2276 265 2316 Σφόδρα
286 2277 336 2316 γὰρ
363 2278 525 2317 ἀντεχόμεθα
536 2301 543 2315 ,
572 2281 691 2319 καθάπερ
715 2281 759 2309 καὶ
785 2281 850 2316 αὐτὴ

84 2318 174 2355 οἶσθα,
198 2325 243 2351 τοῦ
269 2325 383 2362 συνεχῶς
407 2325 545 2357 ἐπιστολὰς
567 2325 689 2364 δέχεσθαι
710 2327 783 2365 παρὰ
803 2329 851 2361 τῆς

86 2367 222 2401 εὐλαὸείας
233 2371 280 2403 τῆς
299 2371 362 2404 σῆς,
376 2369 444 2398 ὥστε
459 2372 517 2399 καθ’
533 2371 645 2407 ἑκάστην
660 2371 761 2412 ἡμέραν
782 2384 851 2410 μαν-

87 2413 171 2441 θάνειν
185 2416 255 2451 ἡμᾶς
269 2414 303 2442 τὰ
314 2415 432 2453 περὶτῆς
446 2415 534 2453 ὑγείας
552 2418 599 2450 τῆς
619 2419 680 2452 σῆς·
695 2418 740 2446 καὶ
762 2419 790 2447 οὗ
807 2431 854 2456 μι-

89 2458 153 2496 κρὰν
167 2460 214 2493 τῆς
227 2459 356 2495 τοσαύτης
375 2460 486 2500 ἐρημίας
509 2461 553 2489 καὶ
570 2464 622 2491 τῶν
644 2465 754 2492 ἐνταῦθα
776 2476 852 2504 περι-

90 2503 206 2531 στάσεων
223 2504 389 2543 παροὶκλησιν
402 2505 499 2541 ταύτην
520 2507 624 2545 ἔχομεν.
647 2509 741 2537 Εἰδυῖα
759 2509 854 2545 τοίνυν,

91 2547 215 2577 δέσποινά
226 2561 274 2586 μου
285 2550 432 2587 τιμιώτατη
448 2551 492 2580 καὶ
505 2552 683 2588 εὖλαὲεστᾶτη
694 2575 701 2589 ,
717 2553 780 2589 ὅσην
796 2556 855 2583 ε’ττι-

1546 169 1605 213 781

901 240 953 276 pio,
971 247 1025 268 tuin
1048 241 1095 269 tibi
1117 241 1172 279 ipse
1186 241 1313 277 gratulor.
1330 241 1391 268 Scio
1412 241 1480 268 enini
1499 248 1613 278 quantus

901 285 962 312 ltine
977 285 1023 313 tibi
1041 286 1172 324 patientia³
1188 287 1289 314 fructus
1303 286 1412 314 oriatur.
1429 287 1612 320 Quamobrem

899 329 932 358 da
945 341 1064 369 operam,
1082 331 1187 370 nequid
1200 342 1232 359 ex
1248 331 1279 359 iis
1293 342 1351 369 qua:
1365 331 1489 360 accidunt
1504 339 1528 360 te
1541 343 1612 360 com-

900 384 1003 405 moveat
1020 388 1051 405 ac
1071 378 1218 416 perturbet.
1232 379 1290 407 Una
1316 377 1385 405 enim
1410 377 1551 405 (luuntaxat
1573 389 1613 406 res

899 422 1008 450 molesta
1030 429 1079 457 est,
1109 423 1235 451 nimirum
1259 429 1404 462 peceatum.
1430 424 1496 451 Nam
1520 430 1613 451 czctera

898 467 998 501 omnin,
1011 468 1032 495 si
1055 468 1133 496 modu
1146 468 1300 505 vigilantem
1318 479 1348 496 ac
1362 468 1481 496 sobrium
1494 469 1613 497 animum

899 512 1025 550 praebeas,
1049 513 1116 540 lucri
1140 524 1245 550 quoque
1260 514 1452 551 amplissimam
1476 514 1614 542 materiam

899 557 1120 595 suppeditabunt,
1142 564 1221 595 atque
1235 568 1328 586 areana
1349 558 1394 585 illa
1417 558 1492 590 bona.
1510 570 1568 595 qum
1587 560 1613 587 in

898 602 969 630 erclis
980 602 1113 631 recondita
1126 610 1198 639 sunt,
1213 603 1394 641 copiosissime
1405 603 1452 631 tihi
1469 612 1611 633 aecci-sent.

900 646 961 675 ldco
978 658 1039 675 cum
1051 648 1077 676 iu
1091 649 1223 687 ejusmodi
1238 656 1340 686 qua-stu
1357 649 1478 686 quotidie
1493 651 1614 685 verseris,

899 693 985 730 gaude
998 704 1029 721 ac
1043 694 1148 722 laetare:
1165 701 1245 732 atque
1259 694 1293 722 ad
1306 704 1352 722 nos
1373 705 1440 733 saepe
1453 695 1567 723 seribere
1584 707 1615 724 ne

899 738 1027 776 graveris.
1040 740 1118 768 Certe
1134 739 1271 768 nobiscum
1287 750 1341 767 esse
1357 747 1381 767 te
1397 740 1539 779 cupimus;
1553 742 1615 779 quia

901 790 986 812 tamen
1011 794 1063 812 non
1079 784 1165 813 hiems
1188 784 1342 819 dumtaxat,
1363 785 1409 813 sed
1435 786 1515 814 etiam
1540 793 1615 815 :estas

900 840 974 867 {eque
989 830 1037 858 tibi
1053 831 1143 867 gravis
1159 841 1190 859 ac
1206 831 1315 859 molesta
1337 838 1384 865 est,
1397 830 1462 859 illud
1478 832 1555 860 veriti
1570 843 1616 860 su-

900 885 969 911 mus,
982 886 1014 903 nc
1028 882 1067 912 te,
1079 876 1114 904 ob
1125 876 1264 904 oculorum
1280 876 1427 914 praesertim
1441 877 1576 914 morbum7
1589 878 1614 906 iu

900 921 968 949 aeris
990 921 1173 960 intemperiem
1195 922 1395 959 conjiceremus,
1413 924 1480 957 Qum
1495 934 1555 951 cmn
1579 924 1615 952 ita

900 965 963 1003 sint,
978 965 1012 994 ad
1027 977 1119 995 eorum
1133 978 1225 995 euram
1237 967 1319 995 velim
1335 978 1442 1006 operam
1451 978 1555 997 omnem
1565 970 1614 997 ad-

901 1011 993 1039 hibeas
1010 1023 1015 1039 :
1033 1011 1067 1040 dc
1082 1023 1173 1051 eoque,
1189 1023 1249 1041 cum
1266 1012 1377 1041 facultas
1394 1013 1454 1049 erit,
1473 1015 1565 1043 crebro
1581 1015 1615 1043 ad

902 1067 948 1085 nos
958 1057 1070 1095 scribas,
1084 1065 1164 1096 atque
1176 1062 1239 1087 nuni
1256 1058 1410 1087 meliuscule
1422 1069 1478 1087 sese
1488 1060 1614 1095 habeant,

901 1103 1045 1141 significes,
1057 1114 1120 1141 quo,
1132 1104 1193 1132 licet
1203 1104 1303 1142 alioqui
1316 1110 1388 1132 tanto
1400 1104 1447 1132 ahs
1462 1112 1486 1133 te
1496 1106 1618 1134 locorum

902 1148 1042 1177 intervallo
1058 1149 1155 1187 dissiti,
1170 1159 1294 1188 magnam
1309 1156 1395 1178 tamen
1410 1149 1473 1179 hinc
1487 1151 1614 1190 volupta-

904 1200 956 1222 tem
970 1204 1115 1233 capiamus.

945 1309 1028 1337 CIII.
1051 1309 1219 1348 Amprucloe
1242 1310 1413 1339 diaconissoe
1434 1313 1579 1350 ipsiusque

1185 1356 1345 1383 comitibus.

942 1454 1001 1482 Etsi
1015 1454 1095 1492 longo
1111 1453 1215 1482 itineris
1228 1453 1368 1482 intervallo
1383 1464 1398 1481 a
1418 1453 1493 1482 vobis
1509 1453 1614 1492 disjun-
1627 1469 1643 1489 C

900 1555 975 1582 nora,
998 1555 1049 1574 non
1069 1545 1157 1573 minus
1176 1555 1256 1583 quam
1276 1545 1322 1583 qui
1342 1544 1449 1580 adsunt,
1468 1545 1572 1584 cognita
1592 1553 1617 1574 et

899 1591 1039 1630 explorata
1058 1590 1162 1619 habco:
1179 1591 1401 1628 vehementerque
1415 1590 1493 1620 vobis
1512 1591 1546 1619 de
1566 1592 1616 1619 hac

901 1636 1068 1671 fortitudine,
1081 1637 1221 1676 patientia,
1231 1637 1390 1673 constantia,
1398 1643 1478 1674 atquc
1488 1637 1616 1666 adaman-

900 1682 956 1710 tina
969 1681 1086 1720 quadam
1098 1681 1182 1710 animi
1197 1681 1335 1719 firmitate,
1346 1681 1526 1720 loquendique
1534 1683 1616 1711 liber-

901 1734 954 1756 tate
973 1738 1005 1756 ac
1023 1726 1122 1755 fiducia
1137 1727 1267 1765 gratulor.
1286 1726 1380 1764 quue
1399 1727 1506 1755 nomine
1527 1728 1618 1756 beatas

902 1783 950 1801 vos
971 1772 1120 1812 praedicare
1141 1783 1193 1800 non
1215 1771 1320 1809 desino,
1338 1779 1395 1800 tum
1415 1772 1450 1800 ob
1466 1773 1617 1811 praesentia,

902 1825 960 1846 tum
973 1818 1008 1846 ob
1022 1829 1050 1846 ea
1064 1818 1133 1846 bona
1147 1827 1206 1855 quae
1222 1827 1269 1846 vos
1280 1817 1306 1844 in
1321 1817 1411 1845 futuro
1423 1827 1479 1846 aevo
1492 1825 1620 1856 exceptu-

904 1873 933 1890 ra
959 1869 1029 1899 sunt,
1045 1872 1140 1890 arcana
1162 1862 1220 1898 illa,
1242 1868 1268 1889 et
1283 1871 1390 1889 omnem
1406 1862 1502 1890 mentis
1514 1869 1621 1901 captum

904 1918 935 1935 ac
949 1907 1078 1935 sermonis
1101 1906 1256 1934 facultatem
1274 1906 1437 1935 excedentia.
1456 1909 1557 1945 Magno
1574 1919 1621 1936 au-

906 1959 956 1980 tem
976 1962 1034 1989 nos,
1056 1952 1104 1989 qui
1125 1958 1179 1979 tam
1200 1951 1279 1990 longe
1304 1962 1319 1979 a
1343 1958 1368 1980 te
1388 1953 1502 1991 sejuncti
1516 1964 1622 1989 sumus,

904 2007 1017 2025 moerorc
1035 1996 1162 2033 affecisti,
1178 1996 1250 2034 quod
1271 2007 1304 2025 ne
1323 1997 1439 2026 scribere
1459 1998 1568 2036 quidem
1589 1999 1629 2027 ad'

906 2054 953 2072 nos
966 2042 1076 2081 dignata
1089 2042 1135 2070 sis.
1150 2043 1322 2080 Quamquam
1334 2042 1405 2071 illud
1415 2043 1480 2080 scio,
1497 2044 1569 2072 istud
1581 2055 1623 2073 ne-

906 2088 1035 2127 gligentia
1054 2094 1099 2116 tua
1118 2087 1230 2115 minime
1240 2087 1396 2126 contigisse3
1407 2098 1469 2116 nam
1483 2089 1540 2118 sive
1556 2090 1624 2118 scri-

906 2134 963 2170 bas,
980 2133 1036 2162 sive
1058 2140 1152 2169 taceas,
1166 2132 1304 2161 ardentem
1323 2140 1348 2161 et
1364 2133 1495 2162 sinceram
1516 2135 1624 2173 sucique

906 2185 1051 2217 expertem,
1066 2189 1097 2206 ac
1114 2178 1220 2206 firmam
1238 2185 1263 2206 et
1279 2178 1393 2207 solidam
1406 2186 1482 2208 tuam
1501 2190 1563 2219 erga
1582 2191 1624 2208 me

906 2224 1044 2252 caritatem
1058 2223 1121 2253 novi
1134 2235 1144 2261 ;
1160 2234 1255 2252 verum
1269 2224 1352 2262 quod,
1367 2224 1414 2253 cui
1430 2224 1557 2261 dictares,
1573 2236 1622 2254 ne-

907 2280 950 2298 mo
961 2269 1010 2298 tibi
1024 2276 1121 2308 praesto
1135 2276 1210 2298 esset.
1220 2270 1394 2308 Quamquam
1406 2270 1445 2299 sic
1459 2282 1564 2310 quoqne
1576 2283 1623 2311 pa-

905 2315 957 2343 tria
972 2315 1063 2353 lingua
1079 2314 1252 2343 scribendum
1266 2315 1328 2352 fuit,
1344 2326 1375 2344 ac
1388 2322 1435 2344 tua
1454 2327 1545 2344 manu.
1565 2319 1625 2345 Ma-

907 2370 1022 2399 gnopere
1043 2359 1123 2396 enim,
1143 2366 1172 2387 ut
1192 2359 1250 2399 ipsa
1269 2370 1373 2398 quoque
1384 2361 1462 2397 nosti,
1484 2362 1589 2390 crebras
1608 2373 1622 2389 a

907 2412 933 2433 te
946 2405 1036 2434 literas
1057 2405 1176 2444 accipere
1194 2405 1341 2442 studemus,
1364 2417 1416 2444 quo
1436 2406 1470 2434 de
1490 2413 1533 2434 tua
1553 2407 1623 2435 vale-

907 2454 1001 2484 tudine
1019 2455 1141 2494 quotidie
1159 2454 1284 2483 certiores
1301 2455 1416 2482 fiamus:
1434 2454 1550 2492 hincque
1569 2461 1624 2483 tam

909 2513 990 2534 vastae
1004 2505 1117 2544 hujusce
1131 2503 1330 2540 solitudinis,ac
1342 2513 1430 2531 rerum
1440 2501 1623 2535 adversarum,

909 2566 970 2584 cum
980 2555 1079 2593 quibus
1092 2554 1136 2582 hic
1149 2554 1293 2587 luctamur,
1308 2551 1381 2580 haud
1389 2552 1515 2590 exiguam
1528 2562 1624 2582 conso-

1649 1477 1713 1489 llcn>0
1733 1478 1769 1491 ΑΠ’

900 1506 958 1529 ctus
971 1510 1040 1537 sum,
1059 1506 1145 1528 tamen
1165 1499 1292 1538 praeclara
1307 1506 1334 1527 et
1353 1499 1432 1528 sortia
1446 1506 1533 1529 vestra
1552 1500 1616 1528 faci-
1628 1508 1656 1521 ¹¹⁰
1668 1499 1720 1529 40}
