1789 2814
370 171 488 209 ΤΟΥ
529 170 594 207 ΕΝ
636 167 836 205 Arion:
871 163 1103 202 ΠΛἹῬΟΣ
1141 163 1300 199 ΙΙΜΩΝ

464 315 856 433 ΙΩΑΝ
891 315 985 428 Ν
1005 310 1224 427 ΟΥ

185 546 419 622 ΤΟΥ
557 532 1505 616 ΧΡΥΣΟΣΤΟΜΟΥ

557 721 605 748 ΤΑ
630 716 938 747 ΕΥΡΙΣΚΟΜΕΝΑ
960 714 1117 743 ΠΑΝΤΑ.

527 925 720 962 SANCTI
754 921 936 958 PATRIS
970 920 1164 956 NOSTRI

287 1042 663 1107 JOANNIS
750 1040 864 1101 CH
879 1035 1387 1099 RYSOSTOM1

614 1191 812 1233 OPERA
839 1190 1057 1232 OMNIA.

477 1408 538 1442 AD
564 1404 803 1441 IIOMILIAM
830 1404 878 1438 IN
906 1401 1196 1438 PARABOLAM

372 1519 602 1550 DEBITORIS
630 1515 778 1546 DECEM
804 1513 994 1543 MILLIUM
1021 1510 1317 1540 TALENTORUM

593 1620 1109 1686 ADMONITIO.

119 1771 179 1799 Non
193 1770 333 1798 obscuram
347 1768 474 1807 temporis
488 1773 577 1795 notam
596 1765 674 1793 affert
690 1762 899 1801 Chrysostomus
912 1769 986 1788 num.
1004 1760 1014 1786 1
1036 1757 1118 1796 hujus
1130 1755 1273 1791 concionis,
1289 1764 1350 1783 cum
1365 1754 1402 1782 ait
1415 1765 1420 1781 ι
1436 1754 1496 1783 Nos
1511 1759 1608 1781 aulem

72 1828 160 1846 unam
173 1816 313 1845 chordam
325 1814 505 1853 pulsavimus
519 1822 570 1851 per
585 1817 676 1839 locam
691 1808 963 1847 Quadragesfflzam,
980 1804 1047 1832 dum
1064 1803 1155 1842 legem
1169 1803 1253 1830 vobis
1266 1801 1302 1829 de
1314 1801 1491 1839 juramentis
1506 1801 1608 1826 recita-

75 1866 182 1897 vimus,
197 1868 223 1890 et
243 1863 300 1890 Dei
314 1862 411 1899 gratia
428 1860 569 1898 effectum
583 1863 640 1893 est,
657 1862 689 1884 ut
702 1855 844 1894 pleraque
858 1863 876 1880 a
893 1852 975 1879 nohis
995 1859 1047 1878 ora
1066 1851 1097 1877 in
1115 1849 1171 1876 hac
1187 1848 1257 1886 legis
1272 1847 1400 1875 melodia
1419 1847 1461 1873 ita
1474 1846 1609 1873 instituta

73 1911 142 1943 sint,
159 1915 200 1941 ut,
217 1907 338 1945 depulsa
351 1915 444 1944 prava
459 1903 676 1936 consuetudine,
691 1911 743 1939 pro
754 1910 787 1928 eo
801 1899 880 1937 quod
894 1903 982 1926 antea
994 1897 1089 1925 Deum
1101 1896 1255 1934 jurabant,
1268 1895 1331 1931 jam
1348 1891 1423 1920 nihil
1438 1892 1495 1919 nisi
1504 1891 1568 1923 Est,
1583 1895 1609 1917 el

75 1955 141 1982 Non
152 1960 203 1987 est,
212 1959 238 1981 el
246 1953 337 1981 Crede
347 1952 427 1987 wilzi,
440 1952 471 1978 in
482 1950 582 1988 lingua
597 1958 650 1976 ςιια
661 1946 880 1985 circumferant,
897 1944 983 1982 idque
995 1944 1025 1970 in
1035 1943 1114 1969 omni
1125 1940 1280 1978 colloquio,
1290 1945 1340 1966 etc,
1348 1938 1410 1965 Haec
1421 1946 1501 1975 porro
1512 1935 1610 1969 confer,

76 2000 160 2035 sodes,
178 2009 238 2027 cum
252 1998 364 2037 epilogis
376 2007 441 2036 pene
452 1995 576 2024 omuibus
594 1992 773 2021 Homiliarum
787 1991 813 2019 in
828 1991 943 2025 Statuas,
956 1998 1022 2027 quas
1035 1987 1110 2015 initio
1130 1984 1239 2013 secundi
1252 1984 1332 2012 Tomi
1347 1982 1505 2017 locavimus,
1521 1980 1611 2018 ibique

75 2055 127 2074 non
141 2044 221 2073 modo
236 2044 420 2072 adhortantem
435 2041 470 2069 ad
481 2042 633 2079 juramenta
648 2037 758 2066 vitanda
767 2036 989 2075 Chrysostomum
1003 2030 1194 2071 deprehendes,
1205 2029 1250 2058 sed
1260 2029 1342 2057 etiam
1351 2038 1444 2058 versus
1455 2026 1611 2064 Qiiadrage-

76 2091 148 2119 simas
163 2090 243 2117 finem
257 2088 356 2126 gratias
370 2088 426 2115 Deo
441 2087 579 2124 agentcm',
595 2083 667 2122 quod
682 2092 735 2111 non
750 2082 847 2110 frustra
862 2090 909 2108 nec
925 2079 980 2107 sine
994 2078 1083 2106 fructu
1097 2076 1160 2105 huic
1175 2075 1294 2104 curando
1310 2073 1376 2104 vitio
1391 2083 1499 2102 manum
1514 2071 1609 2100 admo-

77 2135 153 2164 verit.
167 2134 229 2162 Hanc
243 2133 276 2161 de
289 2132 399 2161 vitando
412 2132 562 2169 juramento
579 2127 679 2156 monita
695 2126 827 2165 pertinent
842 2125 875 2153 ad
884 2122 1125 2161 Quadragesimam
1139 2121 1201 2150 anni
1213 2120 1282 2155 587,
1300 2126 1330 2148 ut
1345 2119 1466 2147 diximus
1477 2117 1610 2146 Admoni-

78 2182 147 2210 tionc
158 2180 183 2208 iu
197 2178 327 2207 Homilias
337 2179 370 2206 de
379 2176 481 2206 statuis
492 2187 497 2202 z
511 2175 573 2203 hinc
584 2184 647 2203 vcro
660 2172 778 2211 sequitur
789 2172 858 2200 hanc
871 2170 1024 2199 concionem
1034 2169 1061 2196 in
1074 2167 1233 2196 parabolam
1247 2165 1376 2194 debitoris
1390 2164 1481 2193 decem
1492 2163 1609 2191 millium

79 2227 237 2255 talentorum
254 2224 347 2252 codem
367 2233 435 2251 anno
447 2222 504 2250 587
524 2227 583 2259 post
595 2217 834 2257 Quadragcsimam
856 2216 977 2245 habitam
993 2214 1082 2243 fuisse.
1097 2213 1235 2242 Nimirum
1255 2218 1397 2250 postquam
1410 2211 1562 2249 juramenta
1576 2208 1610 2237 dc

78 2271 166 2301 medio
182 2270 332 2306 sustulerat,
354 2268 431 2296 aliud
445 2267 593 2295 curandum
610 2264 722 2298 malum,
737 2270 767 2291 ut
788 2262 905 2302 optimus
926 2260 1054 2296 medicus,
1067 2259 1179 2298 suscipit
1197 2270 1202 2285 :
1220 2257 1320 2286 scilicet
1334 2256 1428 2285 odium
1448 2256 1573 2293 proximi
1587 2260 1612 2283 et

80 2316 265 2355 μνησικακίαν,
278 2316 334 2344 sive
344 2314 503 2354 injuriarum
514 2312 663 2341 oblatarum
674 2309 838 2338 memoriam.

118 2363 192 2391 Hanc
206 2372 284 2401 porro
298 2360 439 2389 homiliam
452 2358 546 2387 habuit
561 2364 700 2396 postquam
714 2366 747 2383 cx
761 2355 855 2383 morbo
872 2352 1062 2388 convaluerat3
1078 2350 1148 2379 unde
1166 2350 1245 2378 etiam
1258 2348 1402 2377 ediscimus
1417 2347 1505 2386 ipsum
1518 2345 1611 2373 codem

79 2419 148 2437 anuo
163 2408 197 2435 ab
215 2414 319 2435 assueto
334 2404 509 2434 concionandi
529 2403 619 2432 officio
634 2412 663 2429 ea
677 2400 710 2429 de
724 2410 803 2429 causa
817 2399 952 2437 aliquanto
967 2405 1085 2436 tempore
1099 2395 1274 2424 abstinuisse:
1288 2405 1340 2433 qua
1354 2404 1417 2423 vcro
1431 2392 1493 2420 anui
1509 2398 1612 2430 tempe—

80 2462 146 2483 state
161 2454 190 2482 id
205 2452 341 2488 acciderit,
353 2453 409 2491 jani
423 2458 462 2479 est
476 2447 689 2487 disquirendum.
706 2445 816 2484 Aliquid
830 2456 891 2474 sanc
905 2444 972 2473 lucis
988 2443 1020 2472 ad
1036 2444 1093 2482 ejus
1108 2442 1145 2470 rci
1161 2441 1282 2470 notitiam
1299 2437 1489 2477 assequendam
1505 2444 1613 2465 mutua-

81 2511 142 2528 mur
156 2510 190 2527 cx
204 2500 330 2527 Sermone
345 2498 431 2536 primo
448 2496 473 2524 iu
495 2496 597 2523 Annam
615 2494 695 2521 Tom.
712 2493 762 2521 IV.
780 2503 808 2530 p.
819 2492 887 2527 (379,
902 2491 949 2518 ubi
962 2489 1041 2529 paulo
1058 2495 1117 2528 post
1130 2487 1238 2515 initium
1253 2486 1309 2514 haec
1324 2485 1463 2519 habentur,
1478 2494 1536 2521 qum
1552 2481 1615 2519 quia

79 2545 244 2584 longiuscula
264 2550 333 2581 sunt,
351 2542 454 2573 Graecis
469 2539 611 2571 referendis
630 2537 840 2577 supersedemus.
863 2538 918 2566 Vos
933 2538 1020 2571 enim,
1040 2534 1134 2572 inquit,
1153 2543 1229 2562 nunc
1247 2534 1313 2561 estis
1331 2531 1423 2565 oblili,
1441 2540 1491 2558 nos
1511 2528 1616 2557 multos
