1840 2839
770 203 946 226 ENSTOLF„

87 262 168 298 ρῶσαι
197 261 378 300 ἐπειγόμενος,
397 262 473 300 ἡμῶν
488 262 676 299 δηλωσάντων,
695 264 736 293 ὅτι
757 264 858 302 ἕτοιμοί

85 308 163 344 ἐσμεν
190 307 235 335 καὶ
256 307 347 336 ἑκατὸν
372 308 417 336 καὶ
440 308 533 347 χιλίων
549 308 701 338 ἐπισκόπων
718 311 855 348 παρόντων

83 351 264 382 ἀποδύσασθαι
278 353 311 382 τὰ
323 353 477 391 ἐγκλήματα
487 376 494 390 ,
508 353 552 382 καὶ
570 354 650 387 δεῖξαι
672 355 748 388 ὄντας
771 358 855 384 καθα-

85 396 143 435 ροὺς
169 397 286 433 ἑαυτοὺς,
308 398 397 438 ὥσπερ
413 394 456 428 οὖν
474 399 519 427 καὶ
542 400 631 437 ἐσμὲν,
646 401 691 429 οὐκ
711 401 854 441 ἠνέσχετο·

84 442 152 471 ἀλλὰ
172 443 291 472 ἀπόντων
315 446 407 481 ἡμῶν,
433 445 477 473 καὶ
505 445 610 474 σύνοδον
627 447 854 486 ἐπικαλουμένοη,

83 487 128 516 καὶ
146 488 230 527 κρίσιν
247 488 448 525 ἐπιζητούντων,
472 490 516 519 καὶ
538 492 584 519 οὐκ
606 492 730 531 ἀκρόασιν
748 493 854 532 φευγόν-

83 544 150 569 των,
175 535 232 562 ἀλλ’
250 534 391 573 ἀπέχθειαν
406 536 529 574 φανερὰν,
546 537 590 565 καὶ
614 538 773 576 κατηγόρους
797 538 855 567 ἐδέ-

82 589 162 616 χετο,
176 579 221 608 καὶ
240 579 298 612 τοὺς
312 582 374 620 παρ’
393 583 454 618 ἐμοῦ
469 582 620 619 γενομένους
645 586 657 598 ‘⁸
667 583 855 618 ἀκοινωνῆτους

82 624 157 660 ἔλυε,
170 625 214 654 καὶ
229 627 291 665 παρ’
307 627 392 654 αὐτῶν
407 626 513 655 ἐκείνων
525 628 626 657 οὐδέπω
650 629 683 657 τὰ
700 629 856 667 ἐγκλήματα

83 670 289 708 ἀποδυσαμένιιψ
305 671 440 704 hemon<
459 672 591 710 ἐλάμῧανε
601 696 608 709 ,
623 674 667 702 καὶ
678 675 856 712 ὓπομντῖματα

82 715 213 754 ἔπραττε,
241 717 308 755 ἅπερ
337 718 440 746 ἅπαντα
463 718 536 758 παρὰ
560 719 654 757 Οεσμὸν
669 720 713 748 καὶ
740 720 855 749 κανόνων

82 761 236 790 ἀκολουθίαν
259 758 301 797 ἦν.
316 762 352 791 Τι’
368 763 394 792 δὲ
419 764 457 791 δεῖ
468 764 554 792 πολλὰ
569 765 671 803 λέγειν,
686 766 744 794 Οὐκ
753 765 854 802 ἀπέστη

81 806 168 835 πάντα
182 809 274 841 ποιῶν,
287 808 332 836 καὶ
355 809 621 847 πραγματευόμενος,
637 810 686 842 ἕως
700 813 771 849 ἡμᾶς
787 812 855 850 μετὰ

81 851 232 885 δυναστείας
248 853 292 881 καὶ
311 854 445 887 αὖθεντίας
467 854 554 889 πάσης
568 855 612 884 καὶ
635 857 682 890 τῆς
696 857 797 890 πόλεως
811 858 855 886 καὶ

79 899 126 932 τῆς
140 897 302 933 Ἔκκλησίας
323 898 443 936 ἐξέίῖαλε,
467 901 511 929 καὶ
527 902 592 940 πρὸς
606 902 718 941 ἑσπέραν
735 905 854 941 βαθεῖαν,

79 944 125 970 τοῦ
151 942 236 981 δήμου
266 944 363 976 παντὸς
385 947 449 983 ἡμῖν
475 946 674 986 ἐπισυρομένου.
697 947 856 986 Ἑλκόμενος

78 987 130 1017 ὑπὸ
153 991 198 1017 τοῦ
220 989 362 1028 κουριώσου
384 993 432 1026 τῆς
455 992 556 1025 πόλεως
573 995 599 1022 ἐν
622 994 691 1032 με’σῃ
709 997 742 1034 τῇ
764 995 854 1028 πόλει,

79 1033 126 1061 καὶ
141 1033 205 1073 πρὸς
229 1034 288 1072 βίαν
313 1035 454 1075 συρόμενος
468 1038 635 1076 κατηγόμην,
651 1040 696 1068 καὶ
709 1042 746 1073 εἷς
765 1041 855 1070 πλοῖον

80 1078 270 1117 ἐνεὸαλλόμην,
287 1081 331 1109 καὶ
355 1081 397 1110 διὰ
416 1083 506 1115 νυκτὸς
519 1084 627 1121 ἔπλεον,
642 1085 733 1120 ἐπειδὴ
750 1085 855 1114 σύνοδον

83 1123 147 1162 πρὸς
176 1125 279 1153 δικαίαν
308 1127 433 1165 ἀκρόασιν
458 1129 669 1168 προεκαλούμην.
698 1131 746 1164 Τίς
772 1134 857 1160 ταῦτα

84 1169 225 1208 ἀδακρυτὶ,
238 1171 285 1199 κᾶν
298 1171 397 1207 λιθίνην
411 1171 477 1213 ίἔχῃ
495 1175 615 1214 καρδίαν,
631 1176 777 1213 ἀκούσειεν;
789 1177 856 1206 Ἀλλ’

83 1213 192 1251 ἐπειδὴ,
207 1216 327 1256 καθάπερ
341 1217 421 1257 ἔφθην
435 1219 516 1248 εἰπὼν
526 1243 534 1255 ,
556 1221 585 1248 οὖ
612 1224 714 1262 Ορηνεῖν
731 1223 808 1260 μόνον
825 1222 858 1251 τὰ

85 1262 173 1293 κακῶς
190 1262 327 1301 γινόμενα,
344 1264 412 1293 ἀλλὰ
427 1265 472 1294 καὶ
495 1267 610 1305 διορθοῦν
632 1269 688 1304 δεῖ,
710 1271 856 1307 παρακαλῶ

84 1305 132 1341 τὴν
153 1307 282 1346 ὑμετέραν
298 1310 403 1347 ἀγάπην
418 1311 603 1348 διαναστῆναι,
619 1313 664 1341 καὶ
679 1316 857 1352 συναλγῆσαι,

82 1351 128 1380 καὶ
149 1352 236 1381 πάντα
261 1356 386 1391 ποιῆσαι,
400 1355 468 1385 ὥστε
492 1360 587 1393 στῆναι
607 1358 690 1398 ταύτῃ
713 1360 746 1388 τὰ
773 1360 853 1389 κακά.

81 1397 151 1426 Οὐδὲ
165 1397 216 1438 γὰρ
233 1400 342 1428 ἐνταῦθα
363 1400 397 1430 τὰ
417 1405 464 1438 τῆς
484 1404 651 1443 παρανομίας
671 1407 758 1439 αὐτοῖς
776 1406 855 1435 κατέ-

83 1443 176 1480 λυσεν,
199 1444 267 1473 ἀλλὰ
286 1446 331 1474 καὶ
352 1447 419 1484 μετὰ
434 1452 517 1477 ταῦτα
530 1454 583 1482 τοῖς
595 1450 731 1489 προτέροις
752 1453 855 1481 ἐπαπο-

81 1487 169 1517 δύετο.
181 1489 292 1526 Ἐπειδὴ
312 1491 364 1532 γὰρ
377 1495 391 1521 ὃ
403 1494 588 1528 εὗσείῗέστατος
607 1496 729 1534 βασιλεὺς
752 1499 852 1533 ἐπιπη-

82 1532 213 1567 δήσαντας
230 1536 322 1569 αὐτοὺς
335 1540 367 1576 τῇ
384 1539 512 1579 ἐκκλησίᾳ
527 1541 705 1581 ἀναισχύντως
725 1542 831 1576 ἐξέὸαλε
843 1566 852 1580 ,

81 1578 127 1607 καὶ
139 1580 230 1609 πολλοὶ
250 1584 301 1610 τῶν
318 1584 453 1623 παρόντων
464 1586 620 1615 ἐπισκόπων
642 1588 740 1621 ἰδόντες
766 1591 852 1618 αὐτῶν

81 1623 129 1659 τὴν
150 1627 330 1664 παρανομίαν,
348 1630 404 1662 “sig
424 1630 472 1663 τὰς
493 1633 577 1661 αὐτῶν
594 1633 782 1673 ἀνεχώρησαν,
803 1636 850 1671 τὴν

81 1669 172 1708 ἔφοδον
185 1673 269 1701 αὐτῶν
285 1673 375 1714 ὥσπερ
391 1676 475 1714 πυράν
490 1689 549 1706 τινα
559 1679 646 1707 πάντα
659 1681 850 1719 ἐπινεμομένην

82 1715 238 1754 φεύγοντες,
253 1721 330 1756 ἡμεῖς
351 1720 398 1758 μὲν
421 1722 500 1751 πάλιν
524 1725 559 1757 εἷς
580 1724 627 1760 τὴν
648 1726 724 1755 πόλιν
741 1728 851 1757 ε’καλού-

83 1763 149 1798 μεθα
160 1784 168 1798 ,
181 1762 225 1791 καὶ
248 1765 284 1796 εἷς
307 1764 354 1800 τὴν
368 1765 540 1803 Ἐκκλησίαν,
556 1765 587 1804 ἧς
602 1770 697 1804 ἀδίκως
711 1771 850 1808 ἐξεέλήθη-

83 1818 140 1844 μεν,
159 1808 308 1838 ἐπισκόπων
329 1822 359 1839 τε
376 1814 447 1850 ἡμᾶς
460 1815 617 1851 πλειόνωνῆ
639 1817 780 1856 τριάκοντα
798 1820 850 1847 εἶσ-

78 1851 204 1890 αγόντων,
220 1854 264 1882 καὶ
285 1858 330 1883 τοῦ
358 1859 557 1897 θεοφιλεστάτου
583 1862 711 1899 βασιλέως
731 1863 848 1902 νοτάριον

78 1898 116 1929 εἷς
129 1901 204 1927 τοῦτο
219 1899 436 1936 ἀποστείλαντος,
452 1905 548 1937 ἐκεῖνος
562 1905 589 1935 δὲ
604 1903 790 1945 ἐδραπέτευσεν
805 1909 849 1936 εὐ-

77 1941 150 1975 θέως.
174 1942 252 1976 Τίνος
264 1943 350 1974 ἕνεκεν
361 1946 407 1975 καὶ
425 1948 468 1977 διὰ
481 1948 506 1976 τί
511 1960 518 1985 ;
534 1950 666 1984 Εἷσιόντες
679 1954 848 1992 παρεκαλοῦ-

79 1998 128 2024 μεν
141 1987 184 2015 τὸν
201 1989 400 2028 θεοφιλέστατον
421 1994 546 2030 βασιλέα,
567 1995 672 2025 σύνοδον
693 2003 848 2037 συναγαγεῖν

79 2034 116 2065 εἷς
130 2033 246 2062 ἐκδικίαν
261 2037 312 2063 τῶν
330 2038 519 2075 γεγενημένων.
535 2041 666 2074 Συνειδὼς
679 2042 763 2071 τοίνυν
782 2044 848 2083 ἅπερ

77 2078 188 2117 ἔδρασε,
203 2079 248 2108 καὶ
266 2080 309 2109 τὸν
323 2081 430 2122 ἔλεγχον
455 2085 593 2123 δεδοικὼς,
613 2087 658 2116 καὶ
685 2089 848 2128 γραμμάτων

79 2125 225 2162 βασιλικῶν
236 2130 370 2166 πανταχοῧ
382 2129 607 2169 διαπεμφθέντων,
617 2133 742 2163 πάντοθεν
750 2135 850 2169 πάντας

78 2169 254 2208 συναγόντων,
265 2171 348 2211 λάθρα
364 2173 451 2210 με’σων
462 2178 561 2205 νυκτῶν
572 2177 615 2216 Ϊεῖς
636 2180 742 2209 ἀκάτιον
757 2181 848 2211 ἑαυτὸν

78 2214 219 2251 ἔμὸαλὼν,
239 2215 322 2250 οὕτως
338 2219 439 2259 ἀπέδρα
469 2220 527 2255 τοὺς
554 2225 612 2261 μεθ’
632 2226 737 2254 {oio-affl*
749 2226 849 2259 πάντας

76 2260 247 2299 ἐπαγόμενος.
724 2258 737 2265 “

862 1477 897 1497 518

1552 191 1622 238 G¹7

910 274 1006 303 magno
1028 263 1118 294 studio
1132 264 1294 300 anhelabat,
1315 270 1342 292 ut
1365 264 1500 303 perliceret
1521 274 1549 291 ea
1566 275 1624 302 quae

908 317 996 339 mente
1006 317 1169 350 conceperat.
1180 311 1247 339 Cum
1258 317 1346 338 autom
1359 317 1567 338 c‹›ntes!.·u'e1nur
1579 321 1623 349 pa-

908 362 978 384 ratos
993 366 1039 384 nos
1049 356 1082 384 ad
1093 355 1251 384 diluendum
1267 356 1379 384 crimina
1392 378 1399 390 ‚
1415 362 1438 383 et
1451 355 1485 383 ad
1498 356 1623 383 innocen-

908 401 987 437 tiom,
1002 401 1069 429 sicut
1084 408 1109 429 et
1124 401 1274 429 innocentes
1298 411 1390 429 sumus
1405 423 1412 436 ‚
1435 400 1625 429 declarandam

907 456 996 475 coram
1013 454 1119 475 centum
1136 447 1177 476 rel
1194 447 1268 475 inille
1281 447 1413 486 episeopis
1427 469 1434 483 ‚
1455 457 1506 475 non
1533 457 1624 474 assen-

906 492 941 520 sit
954 504 959 519 :
973 493 1018 521 seri
1032 493 1091 520 licet
1107 493 1227 521 absentes
1243 503 1360 521 essemus
1371 515 1378 528 ‚
1399 499 1424 520 et
1439 491 1471 520 ad
1489 492 1624 531 synodum

906 538 1306 577 appellaremus,judiciuinque
1318 537 1525 575 requireremus,
1537 544 1562 565 et
1573 548 1623 565 uon

906 582 1041 619 tribunal,
1056 583 1102 611 sed
1119 583 1271 611 manifestas
1287 583 1440 611 iuimicitias
1452 584 1605 621 sugeremus
1616 605 1623 619 ,

906 627 963 666 ipse
985 634 1072 656 tamen
1098 635 1263 657 accusatores
1281 628 1420 667 suscepit,
1441 629 1625 657 excommuni-

906 679 977 701 catos
995 684 1008 701 a
1027 684 1068 701 me
1087 674 1204 702 absolvit
1220 696 1226 710 ‚
1245 681 1270 702 et
1289 674 1323 701 al)
1343 674 1411 710 illis,
1430 675 1475 711 qui
1503 674 1625 702 nondum

905 729 932 746 sc
957 718 990 747 de
1014 719 1068 747 suis
1096 726 1279 758 purgaverant
1312 719 1472 747 criminibus
1484 741 1492 756 ,
1519 719 1625 747 libellos

870 773 889 795 1)
904 765 1022 804 accepit:
1038 773 1064 794 et
1077 773 1134 794 acta
1149 765 1278 804 perscribi
1293 765 1392 803 jussit,
1407 776 1466 803 qua:
1483 765 1571 793 omnia
1589 765 1625 793 le-

904 810 984 848 gibus
995 817 1020 839 et.
1030 811 1179 839 canonibus
1188 811 1324 850 prohibita
1334 818 1418 839 erant.
1434 811 1469 839 Et
1481 811 1546 849 quid
1557 822 1625 850 opus·

904 863 943 884 cst
957 857 1039 885 multa
1057 856 1171 885 dicere?
1195 858 1254 885 Non
1268 856 1369 885 destitit
1383 857 1471 885 omnia
1494 858 1578 885 faeere
1594 868 1625 885 ac

905 902 1009 937 moliri,
1021 902 1105 931 donec
1120 913 1167 931 nos
1182 903 1210 931 vi
1225 910 1250 931 ct
1265 902 1382 942 potentia
1395 913 1408 931 e
1418 903 1524 931 civitate
1531 909 1558 930 et
1573 903 1625 931 Ec-

906 947 985 976 clesia
998 948 1120 988 ejiceret,
1134 949 1214 977 etiam
1228 949 1285 988 jam
1304 955 1428 987 provecta
1442 959 1552 987 vespera
1567 971 1574 984 ‚
1600 955 1626 976 et

906 993 1031 1022 universo
1047 994 1146 1034 populo
1163 1005 1210 1023 nos
1222 1001 1404 1033 prosequente.
1416 995 1531 1022 Tractus
1542 994 1626 1032 igitur

905 1039 932 1068 vi
947 1046 973 1068 et
992 1039 1124 1069 abductus
1144 1051 1159 1068 a
1175 1040 1287 1068 Curioso
1313 1039 1388 1068 urhis
1409 1039 1435 1067 in
1452 1039 1538 1067 media
1556 1039 1626 1068 civi-

906 1088 971 1120 tate,
983 1090 1008 1111 et
1021 1083 1046 1111 in
1056 1083 1146 1113 navim
1159 1083 1303 1122 conjectus,
1315 1094 1362 1122 per
1372 1090 1476 1111 noctem
1484 1083 1624 1121 navigavi,

907 1138 937 1157 eo
953 1128 1027 1166 quod
1037 1129 1070 1157 ad
1083 1129 1217 1168 synodum
1232 1136 1257 1157 et
1267 1129 1371 1168 justum
1379 1129 1514 1168 judicium
1529 1139 1626 1168 provo-

908 1183 1008 1202 caram.
1026 1175 1094 1209 Quis
1108 1175 1164 1203 brec
1180 1175 1236 1203 sine
1250 1174 1395 1214 lacrymi5‚
1408 1175 1511 1203 etiamsi
1525 1186 1570 1203 cor
1583 1175 1624 1203 la-

908 1219 1017 1258 pideum
1040 1220 1138 1249 habeat
1151 1243 1158 1256 ‚
1175 1219 1306 1248 audiret?
1331 1221 1434 1249 Verum
1453 1220 1515 1258 quia
1531 1243 1538 1256 ,
1556 1221 1625 1249 sicut

872 1281 891 1303 E
908 1265 985 1304 prius
998 1265 1056 1294 dixi
1073 1289 1081 1304 ,
1100 1277 1130 1295 ca
1145 1277 1204 1305 quae
1216 1277 1355 1305 perperam
1371 1266 1455 1304 liunt,
1473 1277 1524 1294 non
1537 1266 1625 1294 solum

907 1310 1087 1350 deploranda,
1103 1312 1149 1341 sed
1161 1319 1187 1340 et
1210 1312 1368 1351 corrigenda
1382 1319 1444 1340 sunt
1457 1324 1462 1340 :
1479 1312 1540 1340 ideo
1556 1312 1624 1340 cari-

907 1362 988 1385 tatem
1003 1365 1118 1386 vestram
1133 1357 1242 1386 obsecro
1251 1379 1259 1394 ‚
1271 1364 1300 1386 ut
1316 1365 1475 1397 provocetur
1484 1357 1519 1386 ad
1529 1357 1625 1386 condo-

907 1402 1036 1441 lendum,
1051 1403 1258 1441 faciendumque
1272 1403 1375 1439 omnia,
1394 1414 1447 1441 quo
1472 1403 1542 1431 mala
1566 1403 1624 1431 haec

906 1449 1042 1478 sistantur.
1057 1449 1149 1487 Neque
1160 1448 1228 1477 enim
1246 1448 1290 1476 hic
1302 1448 1455 1477 facinorum
1471 1448 1525 1476 illis
1540 1448 1620 1483 finis,

870 1506 890 1528 Α
907 1495 953 1524 sed
964 1494 999 1523 ad
1013 1494 1103 1534 priora
1117 1494 1271 1534 adjecerunt
1284 1501 1309 1522 et
1319 1494 1380 1522 alia.
1396 1495 1465 1523 Nam
1478 1501 1622 1533 postquam

907 1551 950 1570 eos
960 1541 1005 1580 qui
1016 1540 1154 1569 ecelesiam
1169 1539 1339 1579 impudenter
1350 1539 1517 1575 invaserant,
1532 1539 1619 1578 piissi-

906 1597 966 1615 mus
980 1587 1128 1625 Imperator
1140 1586 1227 1625 ejecit,
1236 1592 1261 1614 et
1272 1585 1349 1613 multi
1358 1585 1487 1625 episcopi,
1501 1585 1547 1623 qui
1559 1585 1620 1614 ade-

1678 1547 1775 1576 Cluyso-

1631 1582 1715 1598 stamus
1763 1588 1774 1600 a

1633 1611 1705 1637 priore
1718 1619 1722 1628 ι
1731 1612 1774 1631 xsi<

906 1639 966 1661 rant
979 1655 987 1669 ‚
1003 1639 1188 1671 cognoscentes
1211 1631 1378 1670 iniquitatem
1403 1637 1428 1659 et
1456 1631 1620 1660 invasionem
1630 1640 1661 1661 130
1693 1641 1773 1662 redux.

905 1677 1030 1715 illorum,
1043 1677 1120 1715 quasi
1135 1676 1288 1705 incendium
1303 1676 1447 1715 depascens
1457 1676 1546 1705 omnia
1557 1699 1566 1714 ‚
1579 1677 1620 1705 su—

905 1723 1021 1762 gientes,
1038 1723 1065 1751 in
1080 1734 1142 1757 suas
1153 1723 1274 1761 regiones
1296 1730 1481 1751 concesserunt
1493 1745 1502 1760 ,
1520 1734 1620 1761 nosque

904 1769 1002 1798 iterum
1014 1769 1040 1797 in
1054 1769 1149 1797 urbem
1161 1768 1225 1797 etin
1247 1768 1409 1805 Ecclesiam,
1422 1779 1436 1796 a
1451 1779 1502 1807 qua
1522 1769 1619 1807 injuste

903 1814 979 1853 ejecti
999 1825 1118 1851 eramus,
1132 1814 1218 1843 vocati
1235 1824 1344 1851 sumus,
1366 1813 1556 1842 inducentibus
1571 1824 1618 1842 nos

902 1860 1035 1900 episcopis
1048 1870 1129 1899 super
1141 1860 1251 1898 triginta
1263 1882 1271 1896 ‚
1285 1867 1310 1888 et
1324 1860 1427 1888 notario
1444 1859 1480 1887 ab
1499 1860 1617 1898 Impera-

903 1912 959 1934 tore
970 1906 1091 1945 piissimo
1108 1905 1136 1933 in
1149 1905 1202 1934 hoc
1216 1905 1297 1933 misso
1308 1927 1316 1941 ,
1339 1905 1386 1934 ille
1399 1905 1490 1933 statim
1499 1905 1614 1944 aufugit.

903 1950 959 1978 Cur
972 1957 998 1979 et
1010 1961 1063 1988 qua
1077 1950 1112 1978 de
1126 1950 1225 1978 causa?
1240 1949 1280 1977 Eo
1290 1949 1363 1987 quod
1375 1950 1486 1988 ingressi
1497 1960 1561 1978 mox
1571 1950 1616 1978 ob-

902 1996 1070 2024 secrabamus
1095 1995 1327 2033 religiosissimum
1350 1996 1540 2034 Imperatorem
1556 2018 1564 2031 ‚
1587 2003 1617 2024 ut

867 2053 884 2076 B
903 2041 1046 2069 concilium
1060 2047 1184 2080 cogeret,
1210 2050 1263 2078 quo
1287 2041 1357 2069 facta
1373 2041 1430 2069 haee
1446 2041 1615 2080 punirentur.

902 2086 975 2115 Male
989 2085 1072 2125 igitur
1093 2085 1215 2114 conscius
1237 2085 1311 2121 sihi,
1335 2093 1361 2114 et
1385 2086 1615 2126 reprehensionem

902 2131 1103 2171 pertimescens,
1122 2141 1184 2159 eum
1206 2130 1376 2170 Imperatoris
1393 2131 1476 2160 literae
1488 2132 1515 2160 in
1527 2132 1615 2161 omnia

902 2177 960 2206 loca
976 2177 1146 2205 mitterentur
1159 2183 1184 2205 et
1198 2176 1384 2215 undecumque
1398 2187 1489 2206 omnes
1507 2188 1617 2216 congre-

903 2229 1006 2262 garent,
1021 2222 1124 2251 occulte
1134 2244 1142 2259 ,
1166 2221 1308 2260 mediaque
1320 2229 1397 2251 nocte
1414 2222 1470 2262 ipse
1483 2233 1545 2252 cum
1560 2223 1615 2252 suis

902 2273 1028 2302 omnibus
1042 2283 1182 2302 conscensa
1195 2272 1258 2302 navi
1270 2272 1376 2312 elapsus
1390 2279 1436 2302 est.

109 2338 246 2390 ‘'Onu-iam
264 2341 322 2366 mss.
336 2348 494 2375 ἁκοινωνήτους
505 2350 576 2373 ἔλυσε.
589 2348 714 2375 Palladius
733 2355 770 2377 καὶ
786 2355 835 2382 τοὺς
859 2359 931 2378 erant
943 2353 959 2377 ii
971 2353 1061 2386 quihus
1073 2361 1133 2377 cura
1153 2351 1316 2377 incumbebat
1334 2352 1440 2376 erimina
1457 2358 1484 2376 et
1500 2352 1617 2385 quaelibet

78 2387 126 2410 ΜΡ
143 2381 198 2409 ἐμοῦ
208 2381 334 2412 δὶὒΞμὲ-ιους
345 2383 496 2409 &nee-Paulo
505 2392 571 2416 post,
581 2390 694 2418 λιδέλλους
706 2393 833 2423 ἐλάμὸανε,
859 2398 1001 2425 perpetrata
1014 2391 1125 2417 facinora
1143 2391 1293 2425 indagandi,
1307 2399 1410 2423 reosque
1422 2390 1455 2415 ad
1473 2392 1615 2423 Imperato-

79 2414 175 2439 libellos
191 2420 298 2451 accepit.
312 2420 367 2444 Vox
379 2421 494 2455 frequens

78 2452 155 2497 meflii
165 2456 224 2485 aevi,
238 2465 291 2488 quae
309 2464 335 2482 ut
354 2459 490 2491 plurimum
501 2462 624 2495 significat
636 2466 745 2492 libellum
758 2478 835 2494 accu-

79 2497 186 2517 sationes
205 2495 421 2527 complectentem.
443 2501 506 2526 Vide
524 2503 646 2536 Cangium
663 2507 687 2530 in
709 2506 836 2534 Glossario

80 2529 176 2555 Graeco.
189 2532 224 2556 De
232 2533 349 2568 Curioso,
363 2538 430 2570 quod
448 2539 558 2566 officium
569 2549 624 2567 erat
639 2549 678 2568 sat
695 2544 838 2578 frequenter

80 2576 258 2633 ωοωοταιιιῐῖιιό
270 2574 363 2605 egimus
375 2577 399 2602 in
413 2577 481 2605 Edit.
496 2580 625 2607 Athanasii
635 2591 661 2615 p.
675 2585 730 2610 ⁴90.
739 2586 836 2611 Curiosi

220 2615 225 2619 ’
258 2616 290 2635 Μ.
315 2618 362 2636 111.

506 2424 573 2456 apud
585 2426 686 2452 Graecos
698 2431 835 2460 praesertim
860 2441 912 2456 rem
923 2431 1050 2456 deserendi
1062 2440 1092 2456 ac
1103 2430 1278 2456 denuntiandi.
1291 2430 1333 2455 Ibi
1344 2430 1400 2455 vide
1412 2431 1454 2455 sis.

892 2472 903 2491 f
920 2471 982 2496 Tres
995 2472 1051 2495 MSS.
1067 2475 1108 2504 ἕχῃ
1121 2473 1225 2496 διάνοιαν.

893 2518 903 2529 ·
920 2511 991 2535 Unus
1004 2518 1062 2535 cum
1080 2509 1191 2535 Palladio
1204 2513 1234 2537 εἱ,-
1246 2513 1275 2534 τὰ
1286 2511 1384 2534 {aura-a:
1398 2514 1446 2532 tres
1458 2508 1516 2532 Mss.
1532 2512 1559 2535 εἱ,-
1578 2512 1617 2535 τὰς

863 2553 947 2578 ἑαυτῶν
959 2553 1077 2584 πατρίδας.
1091 2548 1161 2574 Edit'l
1174 2553 1202 2578 εἰς
1213 2552 1253 2577 τὰς
1265 2550 1350 2573 ἑαυτῶν
1363 2552 1426 2579 ἁνεχ.

1422 2619 1460 2645 40
